3229 5145
590 470 714 535 118
1410 469 2163 537 INTRODUOTION.

585 644 650 700 in
691 644 836 720 Toqa
880 644 1128 705 Candida
1144 645 1182 683 ¹²
1224 663 1322 704 are
1369 644 1554 704 found
1596 644 1738 722 only
1772 642 1837 702 in
1879 644 1985 703 the
2026 647 2161 721 part
2205 643 2269 702 of
2308 643 2411 703 the
2462 644 2753 705 Commeat.
2796 645 2995 704 which

584 739 746 798 deols
771 739 922 799 with
949 741 1052 800 the
1077 740 1490 800 denunciation
1515 738 1578 799 of
1613 739 1864 800 Cicero's
1898 740 2097 800 rivale.
2176 739 2366 799 These
2402 759 2500 799 are
2533 759 2596 799 as
2633 739 2837 800 follow
2855 762 2963 799 :—

703 898 968 976 Writing
993 899 1057 960 of
1082 901 1389 974 Antonius,
1423 901 1683 967 Quintus
1710 921 1845 979 says
1869 922 1969 960 :—

682 1027 771 1093 (s).
798 1027 982 1080 Vooem
1004 1028 1288 1080 audivimus
1313 1028 1523 1081 iurantis
1548 1045 1602 1081 se
1625 1029 1812 1081 Romae
1833 1028 2022 1081 iudicio
2045 1044 2205 1096 aequo
2227 1045 2340 1081 oum
2363 1027 2564 1080 homine
2586 1028 2775 1080 Graeco
2807 1033 2999 1080 cenare

583 1124 687 1159 non
708 1124 867 1173 posse.
938 1111 1133 1176 (Comm-
1158 1111 1231 1176 8.)

706 1242 787 1302 of
810 1244 914 1304 the
942 1264 1114 1316 same,
1145 1244 1381 1305 Marcus
1407 1266 1542 1324 says
1564 1268 1666 1304 :—

685 1371 774 1435 (a).
801 1370 866 1422 In
887 1387 979 1423 sue
999 1371 1200 1424 civitate
1221 1389 1336 1425 cum
1355 1373 1618 1440 peregrino
1640 1373 1849 1440 negavit
1870 1390 1923 1424 se
1939 1372 2127 1425 iudicio
2146 1388 2305 1439 eoquo
2326 1377 2512 1424 certare
2532 1387 2692 1437 posse.
2752 1372 2912 1437 (Orat.
2942 1373 2995 1421 in

587 1454 699 1517 Toy.
730 1454 900 1519 Gand.)

697 1586 776 1646 In
801 1586 1132 1664 deseribing
1157 1590 1261 1648 the
1287 1588 1524 1649 murder
1559 1589 1623 1648 of
1648 1588 1877 1649 Marius
1913 1587 2294 1648 Gratidianus
2319 1587 2402 1664 by
2430 1584 2701 1658 Catiline‚
2733 1584 2996 1651 Quintus

582 1699 717 1759 says
739 1703 840 1742 t·-

681 1809 771 1874 (b).
809 1810 943 1868 Quid
964 1827 1057 1877 ego
1081 1828 1214 1864 nunc
1237 1811 1396 1863 dicam
1417 1818 1589 1877 petere
1622 1829 1740 1863 eum
1765 1812 2077 1864 consulatum
2100 1810 2188 1878 qui
2208 1809 2459 1863 hominem
2481 1808 2788 1861 carissimum
2808 1808 2996 1874 populo

579 1891 818 1951 Romano,
857 1891 933 1942 M.
970 1892 1203 1958 Marium,
1239 1894 1549 1959 inspectante
1585 1894 1769 1961 populo
1806 1894 2030 1945 Romano
2064 1929 2080 1943 .
2117 1929 2131 1944 .
2172 1931 2187 1944 .
2222 1892 2453 1944 ceciderit
2487 1928 2503 1942 .
2542 1927 2555 1942 .
2595 1927 2611 1941 .
2645 1890 2826 1942 collum
2865 1928 2877 1940 .
2916 1927 2930 1940 .
2977 1927 2991 1940 .

573 1972 803 2024 seeum-it.
872 1975 1064 2038 (amm.
1095 1978 1191 2038 10.)

691 2104 931 2165 Marcus
958 2126 1091 2185 says
1118 2106 1181 2167 of
1206 2108 1311 2169 the
1339 2129 1495 2168 same
1521 2108 1669 2168 deed
1690 2131 1788 2167 :—

677 2232 765 2296 (b).
812 2231 1062 2297 Populum
1104 2249 1239 2296 vero,
1283 2251 1416 2295 cum,
1456 2234 1765 2299 inspectante
1802 2234 2001 2299 populo,
2039 2234 2222 2286 collum
2264 2233 2476 2286 secuerit
2515 2231 2731 2284 hominis
2772 2230 2993 2283 maxime

580 2312 848 2378 populu-is,
880 2314 1056 2380 quenti
1086 2315 1261 2367 feeerit
1289 2316 1518 2368 ostendit.
1589 2317 1696 2381 (Or.
1723 2318 1776 2365 in
1804 2318 1915 2381 Toy.
1946 2317 2119 2383 θωπί.)

655 2445 869 2521 Again,
903 2447 1161 2513 Quintus
1184 2469 1286 2508 2-

678 2574 762 2639 (c).
798 2574 929 2627 Vivo
966 2575 1177 2642 spiranti
1202 2576 1384 2629 collum
1410 2576 1574 2644 gladio
1595 2593 1686 2629 sua
1706 2579 1909 2630 dextera
1938 2576 2150 2630 secuerit
2185 2616 2199 2629 .
2238 2615 2252 2629 .
2290 2615 2303 2629 .
2339 2582 2489 2643 eaput
2508 2593 2599 2629 sue
2620 2593 2773 2628 manu
2794 2575 2986 2628 tulerit.

578 2657 772 2719 (com.
800 2660 900 2722 ιο.)

693 2789 933 2850 Marcus
950 2811 1050 2851 2——

675 2917 759 2984 (0).
799 2917 942 2975 Quod
963 2925 1115 2984 eaput
1135 2920 1285 2972 etism
1311 2924 1419 2972 tum
1439 2921 1644 2989 plenum
1663 2921 1858 2974 enimse
1879 2926 1931 2974 et
1950 2921 2155 2987 spiritus
2188 2957 2205 2973 .
2238 2957 2255 2974 .
2291 2960 2304 2973 .
2342 2920 2572 2973 menibus
2592 2919 2698 2986 ipse
2718 2917 2822 2970 suis
2843 2919 2989 2970 detu-

572 2996 651 3050 lit.
741 3000 831 3065 (Or
852 3002 908 3051 cn
934 3002 1047 3066 aq.
1073 3004 1244 3069 cana.)

573 3225 628 3291 Q
692 3129 771 3189 In
811 3130 1100 3207 touching
1142 3152 1217 3192 on
1261 3133 1368 3194 the
1406 3133 1595 3194 incest
1636 3134 1698 3195 of
1739 3134 1991 3195 Catiline
2025 3134 2175 3195 with
2215 3134 2414 3208 Fabia,
2459 3154 2496 3194 o
2528 3133 2733 3194 Veste]
2767 3133 2987 3209 virgin,

626 3224 829 3286 uintus
856 3247 1103 3303 says:—

589 3392 595 3402 .
671 3355 763 3419 (d).
799 3353 899 3412 Qui
932 3356 1132 3408 nullum
1165 3354 1222 3407 in
1258 3355 1424 3408 locum
1454 3362 1559 3409 tem
1587 3362 1815 3409 sanctum
1850 3364 1904 3409 et
1939 3364 2041 3409 tsm
2076 3357 2360 3424 religiosum
2393 3357 2616 3419 sesessit,
2649 3356 2705 3407 in
2736 3371 2838 3421 quo
2867 3370 2990 3417 non,

576 3434 727 3486 etism
747 3436 792 3487 si
813 3436 912 3489 ulia
932 3438 1082 3504 culpa
1102 3454 1204 3490 non
1226 3444 1373 3504 esset,
1398 3446 1563 3491 tamen
1594 3457 1659 3491 ex
1688 3456 1780 3492 sus
1802 3440 2034 3506 nequitis
2057 3439 2308 3491 dedecoris
2328 3438 2649 3504 suspitionem
2670 3437 2987 3502 relinqueret.

580 3519 775 3582 (Cbmm.
807 3520 905 3584 10.)

691 3649 927 3711 Marcus
946 3674 1047 3711 :—

678 3778 775 3845 (d).
813 3779 940 3830 Cum
963 3779 1035 3831 ita
1055 3779 1229 3832 vixisti
1258 3786 1317 3833 ut
1345 3798 1446 3834 non
1474 3788 1603 3834 esset
1632 3783 1771 3835 locus
1796 3786 1899 3834 tum
1926 3788 2126 3834 sanctus
2153 3798 2253 3849 quo
2281 3798 2383 3833 non
2411 3782 2655 3833 adventus
2678 3786 2814 3841 tuus,
2838 3777 2993 3830 etiam

580 3875 693 3912 cum
717 3859 864 3926 culpe
884 3861 1025 3913 nulls
1045 3863 1284 3927 subesset,
1305 3863 1492 3915 crimen
1512 3864 1747 3917 adfemt.
1819 3866 1926 3929 (Or.
1952 3867 2006 3915 in
2033 3867 2146 3930 Toy.
2175 3865 2344 3930 θωπί.)

699 3989 977 4063 Quintus,
1007 3989 1070 4049 in
1099 3991 1385 4068 speaking
1416 3992 1478 4051 of
1510 3992 1616 4053 the
1652 3994 1897 4054 chauces
1932 3994 1996 4053 of
2029 3996 2132 4055 the
2168 3992 2417 4054 election
2450 3993 2516 4053 of
2546 3990 2837 4053 Antonius
2874 3990 2992 4051 and

579 4084 850 4158 Catiline,
882 4102 1015 4163 says
1034 4107 1132 4146 :—

673 4215 756 4275 (0)·
794 4213 918 4272 Quis
952 4213 1083 4265 enim
1112 4214 1316 4280 reperiri
1345 4220 1504 4283 potest
1541 4222 1643 4269 tam
1679 4216 1932 4283 improbus
1963 4218 2085 4271 civis
2120 4217 2207 4284 qui
2230 4217 2351 4271 velit
2381 4233 2482 4269 uno
2513 4215 2751 4285 suffragio
2782 4216 2904 4267 duas
2934 4214 2992 4267 in

573 4296 926 4360 rempublicam
947 4296 1072 4347 sicus
1093 4296 1407 4362 destringere.
1482 4299 1678 4364 (Gon-m.
1709 4301 1809 4366 12.)

670 4465 700 4496 ⁴
726 4463 779 4514 It
800 4480 914 4529 may
937 4464 997 4515 be
1021 4465 1188 4516 useful
1207 4465 1326 4518 here
1348 4472 1401 4519 to
1433 4468 1638 4521 obser-ve
1668 4469 1778 4521 that
1798 4470 2045 4522 Asconius
2067 4486 2219 4523 never
2240 4469 2486 4522 mentions
2508 4467 2594 4521 the
2620 4469 2991 4520 Commentario-

571 4548 688 4604 lum,
714 4546 812 4598 and
834 4561 989 4597 seems
1005 4554 1092 4599 not
1113 4555 1168 4598 to
1188 4547 1316 4601 heve
1340 4549 1464 4602 been
1486 4567 1650 4603 svare
1674 4552 1729 4604 of
1751 4554 1815 4604 its
1841 4551 2108 4606 existence.
