3229 5145
985 463 1133 529 ΕΡ.
1178 462 1405 531 xxx.
1456 462 1565 548 (Q.
1594 462 1737 529 FB.
1768 462 1830 528 I.
1861 461 1950 547 1.)
2521 461 2651 528 257

272 635 647 725 praesertim
675 637 728 702 si
755 635 951 702 iidem
984 635 1274 703 homines
1308 635 1632 722 privatum
1673 657 1806 702 non
1847 634 1982 700 fere
2020 657 2424 720 quemquam,
2469 656 2649 722 prae-

269 744 441 807 tores
486 760 733 825 semper
782 761 1000 805 omnes
1041 744 1283 805 amant.
1396 739 1543 811 Quo
1591 762 1677 806 ex
1725 761 1958 827 genere
2006 739 2062 804 si
2107 760 2297 824 quem
2341 738 2509 806 forte
2555 739 2656 807 tui

270 843 565 931 cognosti
593 842 1239 909 amantiorem—fieri
1259 844 1434 909 enim
1461 843 1955 929 potuit—quam
1970 842 2290 929 temporie,
2319 841 2492 909 hunc
2506 865 2655 910 vero

268 948 359 1013 ad
386 951 575 1013 tuum
600 968 941 1012 numerum
967 944 1244 1012 libenter
1279 945 1612 1013 ascribito:
1660 947 1759 1012 sin
1789 949 2006 1013 autem
2034 946 2105 1012 id
2137 968 2269 1013 non
2299 947 2654 1034 perspicies,

269 1050 526 1116 nullum
556 1071 762 1137 genus
788 1049 911 1116 erit
936 1048 1009 1115 in
1035 1048 1476 1116 familiaritate
1503 1051 1860 1117 cavendum
1878 1049 2104 1137 magis,
2132 1056 2466 1136 propterea
2485 1052 2659 1136 quod

275 1158 341 1219 et
368 1175 588 1220 omnes
611 1154 750 1218 vias
776 1152 1082 1239 pecuniae
1119 1156 1360 1220 norunt
1387 1156 1453 1219 et
1482 1154 1700 1220 omnia
1724 1153 2030 1239 pecuniae
2072 1175 2260 1219 causa
2299 1154 2543 1221 faciunt
2571 1158 2656 1235 et,

273 1256 534 1342 quicum
574 1255 805 1322 victuri
842 1277 975 1322 non
1011 1261 1183 1338 sunt,
1219 1256 1357 1324 eius
1387 1256 1846 1323 existimationi
1873 1256 2196 1323 consulere
2238 1278 2370 1322 non
2408 1263 2652 1324 curant.

276 1362 381 1425 16.
425 1359 647 1445 Atque
689 1359 885 1425 etiam
912 1359 985 1425 in
1013 1358 1272 1427 Graecis
1308 1360 1463 1446 ipsis
1500 1360 1847 1447 diligenter
1874 1361 2191 1426 cavendae
2233 1370 2384 1426 sunt
2413 1366 2659 1429 intimae

274 1464 589 1549 quaedam
617 1460 1086 1529 familiaritates
1110 1468 1362 1550 praeter
1389 1463 1729 1531 hominum
1760 1486 2221 1550 perpaucorum
2263 1464 2319 1530 si
2352 1465 2464 1550 qui
2505 1471 2656 1532 sunt

274 1570 486 1632 vetere
521 1564 788 1631 Graecia
824 1565 1029 1652 digni.
1117 1566 1225 1632 Sic
1250 1589 1400 1634 vero
1428 1567 1689 1634 fallaces
1731 1572 1883 1634 sunt
1924 1567 2227 1653 permulti
2270 1571 2336 1633 et
2377 1567 2548 1635 leves
2590 1575 2656 1635 et

274 1669 582 1735 diuturna
630 1668 932 1734 servitute
982 1669 1068 1734 ad
1110 1670 1378 1737 nimiam
1429 1670 1939 1737 adsentationem
1966 1671 2221 1736 eruditi.
2311 1669 2490 1742 Quos
2532 1693 2653 1758 ego

273 1772 599 1838 universos
643 1770 931 1837 adhiberi
978 1770 1345 1853 liberaliter,
1397 1775 1715 1860 optimum
1766 1795 2083 1860 quemque
2119 1772 2394 1859 hospitio
2436 1774 2647 1841 amici·

271 1877 492 1961 tiaque
532 1874 836 1962 coniungi
875 1873 1016 1941 dico
1051 1881 1376 1962 oportere:
1421 1877 1661 1943 nimiae
1691 1876 2163 1943 familiaritates
2196 1899 2414 1943 eorum
2447 1899 2653 1964 neque

271 1983 408 2045 tam
430 1977 648 2044 fideles
675 1983 1042 2044 sunt—non
1070 1980 1243 2046 enim
1272 1981 1511 2046 audent
1538 1980 1860 2047 adversari
1880 1981 2112 2046 nostris
2132 1980 2654 2049 voluntatibus—

273 2088 339 2149 et
365 2081 659 2148 invident
686 2102 820 2147 non
848 2082 1079 2147 nostris
1108 2083 1334 2163 solum,
1366 2105 1587 2150 verum
1614 2084 1811 2149 etiam
1839 2083 1987 2149 suis.

401 2185 529 2254 VI.
580 2186 679 2251 17.
726 2184 872 2251 Iam
899 2185 1011 2269 qui
1036 2185 1107 2251 in
1137 2185 1273 2252 eius
1300 2185 1476 2253 modi
1503 2185 1713 2267 rebus,
1743 2187 1813 2252 in
1842 2185 2075 2272 quibus
2102 2209 2321 2254 vereor
2347 2188 2543 2254 etiam
2569 2212 2654 2256 ne

272 2290 493 2356 durior
523 2289 665 2367 sim,
705 2291 926 2354 cautus
961 2310 1094 2355 esse
1131 2289 1329 2355 velim
1360 2311 1435 2355 ac
1471 2290 1769 2376 diligens,
1801 2312 1930 2376 quo
1961 2312 2065 2355 me
2108 2290 2322 2357 animo
2356 2291 2426 2356 in
2459 2293 2655 2358 servis

272 2415 406 2459 esse
444 2413 657 2458 censes
680 2392 713 2457 Ρ
756 2413 914 2477 quos
951 2392 1211 2476 quidem
1255 2414 1401 2458 cum
1435 2392 1730 2460 omnibus
1756 2394 1828 2459 in
1866 2394 2019 2459 locis
2046 2398 2190 2459 tum
2218 2394 2554 2479 praecipue
2580 2395 2653 2461 in

270 2494 614 2583 provinciis
640 2517 860 2583 regere
888 2493 1207 2561 debemus.
1283 2494 1430 2567 Quo
1459 2497 1539 2562 de
1569 2519 1801 2583 genere
1827 2497 2035 2562 multa
2062 2497 2340 2585 praecipi
2368 2501 2650 2583 possunt,

271 2602 384 2667 sed
428 2599 549 2667 hoc
600 2603 666 2665 et
713 2598 1153 2665 brevissimum
1201 2604 1298 2666 est
1341 2605 1406 2667 et
1455 2600 1759 2667 facillime
1802 2601 2007 2667 teneri
2055 2605 2280 2686 potest,
2328 2605 2403 2666 ut
2452 2600 2547 2666 ita
2585 2623 2652 2667 se

271 2708 501 2791 gerant
548 2704 620 2769 in
669 2704 808 2769 istis
851 2702 1154 2769 Asiaticis
1196 2703 1553 2783 itineribus,
1606 2709 1682 2771 ut
1726 2705 1782 2769 si
1825 2704 1949 2770 iter
1987 2703 2209 2789 Appia
2245 2703 2352 2768 via
2394 2703 2651 2784 faceres,

270 2829 432 2873 neve
467 2808 767 2873 interesse
811 2806 1161 2892 quidquam
1202 2811 1434 2893 putent
1474 2811 1695 2873 utrum
1732 2806 1978 2872 Tralles
2020 2829 2103 2872 an
2141 2806 2433 2873 Formias
2461 2828 2648 2872 vene·

266 2910 417 2977 rint.
537 2910 636 2976 Ac
687 2911 740 2976 si
791 2909 934 2996 quis
975 2915 1071 2976 est
1113 2933 1193 2976 ex
1235 2912 1430 2977 servis
1472 2910 1728 2998 egregie
1776 2909 2002 2990 fidelis,
2055 2910 2138 2976 sit
2179 2910 2250 2975 in
2294 2910 2651 2976 domesticis

263 3015 456 3083 rebus
513 3020 577 3082 et
633 3016 940 3103 privatis:
1007 3038 1171 3102 quae
1219 3038 1320 3082 res
1376 3016 1461 3082 ad
1517 3016 1792 3083 officium
1850 3015 2106 3102 imperii
2161 3015 2260 3080 tui
2318 3019 2509 3101 atque
2566 3017 2651 3081 ad

952 3143 987 3176 d

330 3318 572 3383 temporis]
641 3321 796 3382 ‘your
824 3317 1075 3394 pontion!
1150 3319 1346 3382 Tempus
1365 3319 1409 3369 is
1508 3318 1614 3368 will
1650 3319 1712 3369 be
1751 3333 1836 3383 my
1871 3316 2095 3380 opinions
2137 3333 2202 3367 on
2237 3318 2322 3367 the
2365 3319 2559 3384 subject
2594 3323 2649 3371 of

266 3384 385 3433 used
416 3383 497 3432 for
527 3385 792 3432 consulatus
825 3398 879 3432 1n
916 3386 1020 3432 Att.
1060 3382 1092 3432 i.
1133 3386 1221 3443 14;
1265 3384 1404 3434 Fam.
1506 3384 1682 3446 slaves,
1720 3382 2029 3446 considering
2049 3382 2161 3432 how
2185 3383 2372 3432 careful
2404 3385 2502 3433 and
2533 3401 2642 3448 par·

262 3466 313 3498 x.
354 3452 397 3509 1,
434 3451 481 3508 2,
505 3464 621 3509 quae
651 3450 694 3496 si
725 3450 792 3496 ad
823 3454 956 3497 tuum
978 3454 1156 3508 tempus
1180 3451 1403 3509 perduoi-
1504 3449 1684 3498 ticular
1717 3448 1744 3497 I
1772 3463 1852 3496 am
1883 3449 1938 3496 in
1967 3449 2103 3496 these
2134 3455 2351 3508 matters,
2387 3448 2442 3497 in
2464 3449 2643 3510 which,

262 3521 348 3562 tur
372 3513 545 3576 facilis
583 3513 862 3574 yubernatio
900 3519 970 3562 est
994 3527 1013 3561 .·
1056 3512 1136 3561 for
1166 3512 1232 3563 its
1269 3529 1406 3564 sense
1503 3512 1695 3574 indeed,
1723 3512 1751 3563 1
1772 3513 1881 3562 fear
1903 3512 1930 3561 I
1951 3528 2032 3562 am
2052 3517 2134 3561 too
2156 3513 2294 3562 strict
2311 3515 2332 3561 ‘r
2348 3515 2360 3534 ’
2431 3513 2458 3562 I
2482 3516 2646 3565 would

261 3579 396 3637 here,
433 3577 500 3627 ef.
540 3577 562 3641 ᾗ
589 3580 669 3626 31.
1503 3578 1667 3641 prefer
1689 3580 1886 3638 Iamque
1908 3577 1989 3626 for
2011 3579 2118 3626 Iam
2141 3581 2240 3639 qui.
2301 3576 2326 3626 1
2345 3578 2506 3627 would
2525 3579 2644 3629 then

316 3646 382 3692 aa
426 3649 559 3691 tuum
603 3642 871 3706 numerum]
951 3640 986 3691 i.
1015 3656 1060 3691 e.
1107 3643 1175 3690 ad
1216 3649 1405 3691 tuorum
1502 3643 1692 3702 render,
1734 3643 1862 3691 ‘and
1884 3657 1996 3692 now
2018 3657 2081 3690 on
2114 3659 2145 3690 a
2172 3641 2366 3704 subject
2391 3659 2456 3691 on
2479 3643 2640 3693 which

262 3723 509 3755 numerum
527 3723 545 3755 .·
589 3706 658 3756 cf.
698 3705 828 3755 Phil.
866 3704 922 3756 ii.
963 3708 1041 3766 33,
1090 3708 1301 3755 adscribe
1336 3725 1406 3756 me
1504 3704 1532 3755 Ῑ
1556 3707 1665 3756 fear
1687 3706 1714 3755 I
1729 3723 1809 3756 am
1829 3714 1911 3756 too
1932 3706 2086 3767 etl-iet,
2114 3706 2204 3755 but
2221 3706 2459 3772 certainly
2478 3710 2640 3757 would

262 3775 405 3820 talem
440 3775 491 3819 in
524 3787 804 3830 πωπω·
836 3771 933 3820 and
968 3770 1098 3820 Phil.
1131 3770 1200 3821 xi.
1233 3773 1313 3834 25,
1349 3774 1406 3821 do
1504 3770 1634 3820 wish
1663 3777 1715 3820 to
1744 3771 1805 3821 be
1841 3771 2028 3820 eareful
2063 3772 2158 3820 and
2191 3771 2528 3833 vigilant—on
2557 3773 2642 3822 the

261 3853 346 3886 suo
367 3852 575 3885 numero.
1503 3836 1698 3899 subject
1718 3835 1773 3885 of
1805 3835 2162 3885 slaves—what
2184 3837 2245 3884 do
2269 3852 2367 3910 you
2388 3836 2533 3885 think
2555 3853 2641 3902 my

259 3899 839 4030 offffflffily‘vffl
858 3900 944 3950 ‘¹¹⁰
961 3915 1098 3965 ways
1119 3900 1217 3951 ⁸¹²³
1236 3915 1403 3951 mm
1501 3900 1846 4028 Sss'eifflssntlffi
1860 3899 1942 4013 {sm
1962 3900 2461 4027 εἷὲἰῑέιίἶῖἒὶἑὲῐ.
2477 3901 2641 4016 33³2?

332 4033 408 4079 16.
445 4033 525 4080 Sic
544 4030 672 4094 vero]
722 4033 735 4057 ‘
752 4029 823 4077 As
841 4028 1007 4093 things
1021 4044 1135 4079 now
1151 4030 1326 4088 stand‚'
1344 4029 1398 4079 in
1500 4028 1527 4078 Ι
1550 4045 1668 4094 may
1688 4029 1834 4079 incur
1853 4029 2013 4078 blame
2034 4030 2115 4078 for
2138 4003 2511 4094 over-sbverity,
2538 4047 2638 4094 you

256 4094 714 4145 contmdistinction
737 4100 789 4143 to
817 4094 902 4143 the
930 4093 1194 4159 preceding
1216 4096 1393 4157 words,
1495 4109 1612 4158 may
1632 4094 1780 4159 fancy
1796 4093 1906 4143 that
1924 4094 1949 4142 Ι
1965 4110 2044 4143 am
2061 4094 2140 4142 for
2158 4101 2293 4157 great
2315 4093 2563 4145 strictness
2584 4094 2639 4145 in

256 4163 299 4206 ni
324 4162 409 4221 qui
437 4167 547 4208 aaut
568 4167 717 4208 vetere
741 4161 942 4208 Graecia
963 4161 1116 4222 dewi.
1496 4158 1583 4208 the
1603 4163 1783 4208 matter
1803 4159 1860 4208 os
1875 4158 2070 4208 slaves)

309 4223 538 4290 fallam]
616 4224 722 4274 The
762 4223 921 4273 whole
963 4228 1191 4274 sentence
1234 4223 1399 4273 would
1565 4222 1769 4298 stallos]
1833 4224 2010 4272 stallos
2031 4222 2237 4285 perhaps
2252 4222 2381 4282 here,
2399 4222 2638 4289 certainly

254 4303 393 4337 serve
417 4304 472 4338 as
492 4305 522 4337 a
543 4291 666 4352 good
694 4288 989 4352 description
1014 4289 1070 4339 of
1094 4288 1179 4338 the
1206 4287 1399 4339 nativos
1494 4286 1549 4337 in
1587 4287 1709 4337 JuV.
1746 4286 1820 4337 ui.
1848 4289 1926 4346 70,
1967 4287 2010 4336 is
2051 4289 2170 4336 uaed
2210 4303 2264 4336 as
2306 4285 2490 4350 typical
2521 4288 2578 4338 of
2607 4305 2641 4338 a

253 4352 313 4402 of
333 4351 477 4403 India
497 4355 651 4403 under
674 4353 859 4403 British
878 4354 1002 4404 rule.
1496 4351 1692 4416 foreign
1724 4351 1877 4415 place,
1916 4368 1971 4401 as
2007 4367 2081 4401 we
2118 4367 2207 4416 say
2238 4353 2383 4413 Honq
2417 4352 2557 4415 Konq
2582 4369 2639 4403 or

321 4433 466 4480 neque
488 4425 586 4466 tam
596 4418 785 4502 fidelia]
856 4422 869 4446 ‘
889 4426 976 4470 not
996 4433 1051 4470 ιο
1072 4417 1397 4483 trustworthy
1500 4418 1764 4491 ssmbuetpo
1800 4431 1856 4466 cr
1897 4416 2235 4466 Kammhatka.
2304 4415 2496 4466 Horace
2526 4433 2640 4494 uses

256 4497 429 4532 aeone
448 4482 753 4534 couldvnsh.
1500 4483 1655 4532 Gades
1707 4497 1762 4530 m
1813 4480 1900 4532 the
1942 4496 2076 4531 same
2117 4495 2247 4545 way,
2293 4480 2391 4530 and
2431 4495 2486 4532 so
2530 4482 2634 4534 010.

324 4547 404 4600 17.
428 4548 539 4598 Iam
559 4548 669 4614 qui]
717 4547 873 4600 ‘Now
890 4547 1025 4600 what
1045 4549 1107 4599 do
1128 4562 1229 4614 you
1250 4546 1396 4599 think
1490 4563 1583 4609 pro
1614 4548 1765 4607 domo,
1804 4547 1884 4596 80.

1427 4667 1458 4710 S
