3229 5145
938 471 1085 536 ΕΡ.
1131 472 1465 538 LXXXI.
1521 474 1756 557 (ATT.
1791 472 1937 537 III.
1971 472 2105 556 22.)
2603 472 2730 536 389

599 868 896 937 LXXX.
985 870 1103 938 TO
1145 869 1565 953 ATTICUS,
1612 893 1689 936 ῙΝ
1734 870 1940 939 Rom:
1991 870 2182 956 (A'r'r.
2217 892 2319 937 111.
2353 871 2468 954 21).

654 1095 1167 1156 rnnssALoch,
1199 1097 1264 1140 Α.
1300 1097 1366 1141 u.
1399 1099 1453 1142 c,
1488 1096 1620 1156 696;
1669 1097 1728 1143 B.
1763 1098 1818 1142 c.
1850 1095 1952 1156 58;
1999 1096 2146 1140 ΛΒΤ.
2180 1096 2299 1140 cle.
2330 1094 2414 1142 48.

430 1275 504 1326 Μ.
528 1275 698 1328 Cicero
718 1276 886 1329 Attico
906 1277 1080 1329 scribit
1107 1293 1160 1328 se
1182 1277 1311 1328 velle
1340 1276 1414 1328 ire
1444 1276 1502 1328 in
1532 1277 1759 1341 Epirum,
1793 1283 1844 1328 et
1873 1281 2032 1343 rogat,
2067 1282 2128 1328 ut
2157 1293 2209 1328 se
2241 1278 2303 1328 de
2334 1276 2562 1328 omnibus
2591 1274 2740 1328 rebus

327 1357 586 1410 certiorem
605 1357 763 1410 faciat
781 1365 834 1411 et
855 1359 1036 1425 quibus
1058 1375 1182 1424 opus
1200 1364 1346 1423 putet
1366 1375 1458 1411 suo
1478 1359 1678 1410 nomine
1699 1359 1892 1411 litteras
1913 1359 2112 1410 scribat.

1158 1556 1420 1613 CICERO
1456 1557 1724 1615 ATTICO
1761 1557 1914 1612 SAL.

466 1703 768 1792 Triginta
817 1706 953 1772 dies
997 1709 1181 1772 erant
1230 1705 1376 1793 ipsi,
1428 1728 1577 1772 cum
1627 1705 1746 1772 has
1791 1705 2027 1772 dabam
2082 1704 2350 1786 litteras,
2409 1728 2526 1792 per
2580 1726 2740 1790 quos

337 1808 550 1875 nullas
600 1831 641 1874 a
683 1809 863 1876 vobis
912 1831 1297 1896 acceperam.
1394 1808 1567 1876 Mihi
1618 1814 1837 1876 autem
1888 1811 2027 1875 erat
2075 1807 2146 1874 in
2197 1809 2412 1875 animo
2461 1808 2614 1888 iam,
2664 1813 2741 1875 ut

336 1917 531 1978 antea
558 1914 642 1978 ad
670 1917 735 1979 te
762 1913 1002 2000 scripsi,
1031 1914 1125 1980 ire
1152 1913 1224 1980 in
1252 1913 1532 2000 Epirum
1570 1918 1637 1980 et
1676 1911 1771 1980 ibi
1810 1934 2065 1979 omnem
2094 1934 2309 1978 casum
2338 1911 2740 1998 potissimum

340 2020 722 2102 exspectare.
812 2016 907 2083 Te
936 2039 1069 2097 oro,
1102 2022 1198 2097 ut,
1228 2018 1285 2084 si
1313 2017 1472 2105 qm'd
1510 2016 1636 2084 erit
1672 2017 1847 2104 quod
1880 2015 2241 2103 perspicias,
2272 2037 2740 2101 quamcumque

338 2119 409 2184 in
458 2124 708 2206 partem
756 2143 952 2207 quam
996 2121 1366 2208 planissime
1412 2121 1498 2186 ad
1545 2143 1652 2187 me
1697 2118 1954 2201 scribas,
2001 2122 2070 2185 et
2124 2141 2267 2185 meo
2325 2119 2605 2200 nomine,
2664 2125 2742 2184 ut

340 2223 576 2305 scribis,
628 2224 895 2306 litteras,
939 2223 1172 2312 quibus
1220 2223 1479 2311 putabis
1524 2247 1659 2292 esse
1710 2246 1890 2311 opus,
1932 2226 2011 2289 ut
2054 2223 2182 2288 des.
2280 2221 2458 2288 Data
2497 2245 2542 2286 v
2579 2220 2737 2289 Kal.

341 2325 760 2395 Novembres.

583 2672 931 2740 LXXXI.
1021 2674 1138 2741 TO
1182 2673 1603 2757 ATTIC‘US,
1651 2696 1726 2741 m
1772 2675 1978 2742 Roma
2025 2674 2212 2760 (Au-r.
2246 2695 2349 2739 111.
2382 2673 2493 2759 22).

678 2898 1151 2960 nnmcmuu,
1186 2901 1248 2945 A.
1283 2901 1349 2946 U.
1384 2902 1439 2946 c.
1472 2900 1606 2960 6963
1654 2901 1717 2945 B.
1750 2902 1803 2945 e.
1837 2899 1937 2958 583
1984 2901 2131 2944 ΛΒΤ.
2164 2899 2284 2944 cic.
2315 2896 2398 2944 48.

436 3080 514 3131 De
538 3080 718 3132 litteris
749 3081 809 3138 Q.
835 3080 1005 3132 fratris
1027 3089 1075 3132 et
1099 3082 1293 3132 Pisonis
1315 3082 1546 3147 acceptis,
1570 3082 1730 3134 Attici
1749 3082 2061 3148 exspectatis,
2086 3097 2138 3132 se
2159 3080 2306 3132 etiam
2329 3097 2462 3131 nunc
2486 3097 2516 3130 a
2538 3080 2741 3132 Plancio

336 3162 553 3223 retineri,
579 3165 639 3214 de
662 3163 864 3213 Lentuli
885 3163 1048 3213 studio
1069 3170 1120 3214 et
1144 3163 1367 3228 Pompeii
1382 3164 1655 3228 voluntate,
1676 3163 1738 3215 de
1754 3164 1974 3223 Metello,
1991 3165 2051 3214 de
2067 3162 2305 3214 desiderio
2322 3179 2537 3212 suorum.
2598 3162 2736 3213 Haec

332 3244 532 3309 scripsit
552 3244 952 3306 Thessalonicae3
987 3245 1120 3296 dedit
1142 3251 1310 3296 autem
1335 3245 1611 3311 Dyrrachii·

1167 3426 1428 3483 CICERO
1468 3426 1726 3482 ATTICO
1763 3427 1914 3482 SAL.

470 3575 528 3639 1.
576 3573 724 3639 Etsi
774 3573 1120 3660 diligenter
1170 3575 1254 3640 ad
1299 3596 1402 3639 me
1441 3574 1727 3645 Quintus
1775 3574 1976 3639 frater
2017 3578 2081 3639 et
2121 3572 2273 3639 Piso
2320 3595 2484 3659 quae
2526 3576 2734 3638 eseent

338 3679 481 3742 acta
526 3678 926 3764 scripserant,
973 3680 1191 3743 tamen
1238 3677 1471 3745 vellem
1521 3683 1638 3744 tua
1683 3683 1748 3744 te
1800 3677 2128 3761 occupatio
2184 3698 2316 3743 non
2367 3676 2736 3762 impedisset

337 3801 467 3866 quo
494 3781 728 3861 minus,
758 3785 835 3846 ut
869 3781 1204 3861 consuesti,
1237 3782 1321 3847 ad
1358 3804 1464 3847 me
1501 3783 1661 3865 quid
1700 3787 1997 3869 ageretur
2031 3785 2097 3847 et
2135 3780 2295 3865 quid
2331 3779 2736 3866 intellegeres

338 3883 770 3969 perscriberes.
861 3883 974 3950 Me
1008 3884 1219 3950 adhuc
1254 3883 1560 3951 Plancius
1588 3884 1975 3951 liberalitate
2013 3907 2131 3950 sua
2167 3885 2403 3950 retinet
2444 3882 2575 3948 iam
2619 3882 2735 3947 ali-

405 4102 524 4168 ipsi]
596 4103 822 4179 ‘exactly
855 4106 916 4153 30
950 4103 1134 4168 daysz’
1173 4103 1241 4154 cf.
1273 4103 1491 4154 detraxit
1596 4108 1696 4166 193
1755 4107 1988 4154 mitiorem
2032 4106 2084 4153 in
2121 4111 2312 4165 partem
2355 4106 2735 4165 interpr-atarne,

342 4181 415 4215 xx
468 4170 593 4228 ipsos
645 4168 749 4217 dies
802 4168 953 4219 etiam
1001 4168 1265 4232 aphractus
1316 4168 1486 4219 Rhod·
1591 4186 1682 4234 pro
1715 4169 1849 4219 Mur.
1885 4173 1964 4218 64.

342 4229 517 4294 iorum,
544 4233 740 4283 atavi.
761 4234 808 4296 8,
825 4237 876 4283 4.
948 4185 1284 4284 Soalsommc
1308 4237 1488 4296 fissum,

1667 4301 1712 4348 1.
1749 4300 1976 4348 Plancius
2091 4297 2182 4348 Cn.
2222 4296 2455 4347 Plancius
2491 4312 2596 4347 was
2630 4311 2742 4347 now

342 4296 739 4424 &quamcumque
771 4364 824 4411 in
852 4362 1064 4429 partem]
1134 4362 1392 4413 ‘whether
1412 4362 1494 4413 for
1595 4368 1826 4428 quaestor
1867 4362 1923 4413 in
2026 4362 2271 4412 acedonia.
2360 4363 2443 4412 He
2485 4362 2584 4411 had
2620 4362 2744 4412 been

346 4425 471 4538 m
508 4442 563 4475 or
597 4426 732 4475 evil?
820 4426 1056 4504 Compare
1097 4426 1185 4477 the
1223 4428 1399 4492 phrase
1439 4432 1493 4477 in
1598 4429 1712 4477 inb.
1737 4429 1841 4477 mil.
1867 4428 1922 4477 in
1953 4428 2039 4477 the
2072 4444 2205 4478 same
2236 4427 2484 4491 province,
2516 4428 2614 4476 and
2642 4443 2745 4478 was

462 4507 506 4538 m
536 4497 724 4552 partem
756 4494 974 4553 accipere.
1045 4490 1112 4542 So
1146 4509 1366 4555 nunqnam
1396 4509 1494 4542 cun
1598 4492 1734 4542 after
1756 4493 1869 4541 trib.
1885 4494 1999 4555 ΡΜ
2021 4491 2085 4543 he
2101 4508 2206 4543 was
2226 4494 2468 4543 defended
2493 4493 2559 4557 by
2578 4492 2749 4543 Cicero

342 4569 439 4603 cese
458 4556 691 4619 fortunae
719 4558 772 4604 in
802 4563 1052 4619 utrmque
1074 4565 1278 4619 partem,
1305 4556 1406 4607 off.
1431 4556 1487 4607 ii.
1596 4556 1653 4607 in
1677 4558 1772 4610 700
1797 4557 1867 4620 (b.
1880 4573 1924 4607 c.
1953 4531 2053 4617 5'4).
