3229 5145
587 454 716 521 260
1294 453 1441 520 ΕΡ.
1487 453 1716 519 XXX.
1769 453 1875 538 (Q.
1904 453 2045 520 FB.
2077 454 2139 519 Ι.
2170 454 2263 539 1.)

593 631 828 693 nutum
844 627 1198 706 intuentur,
1231 626 1347 693 ubi
1362 626 1618 692 nullum
1648 625 1964 693 auxilium
1992 630 2108 708 est,
2137 626 2322 693 nulla
2347 628 2733 714 conquestio,
2763 628 2982 694 nullus

591 735 866 812 senatus,
918 731 1102 797 nulla
1139 731 1349 797 contio
1372 732 1406 796 Ρ
1514 729 1664 802 Qua
1702 753 1771 795 re
1821 729 2033 818 [cum]
2078 729 2417 817 permagni
2454 730 2733 797 hominis
2778 735 2876 798 est
2914 737 2982 799 et

590 856 735 898 cum
778 834 919 920 ipsa
961 839 1195 900 natura
1243 833 1577 914 moderati,
1622 836 1764 899 tum
1804 855 1953 900 vero
1996 833 2193 899 etiam
2239 834 2529 900 doctrina
2572 838 2765 920 atque
2813 837 2982 923 opti-

588 958 839 1003 marum
869 937 1106 1003 artium
1135 937 1365 1003 studiis
1392 937 1627 1003 eruditi
1656 938 1745 1003 sio
1782 957 1849 1003 se
1887 936 2188 1003 adhibere
2213 936 2285 1002 in
2313 941 2499 1003 tanta
2525 941 2863 1024 potestate,
2902 944 2980 1005 ut

585 1041 768 1107 nulla
795 1041 923 1106 alia
950 1045 1229 1128 potestas
1259 1040 1340 1107 ab
1369 1041 1468 1120 iis,
1500 1039 1733 1127 quibus
1758 1039 1815 1106 is
1843 1039 2099 1127 praesit,
2132 1040 2543 1106 desideretur.

709 1143 915 1210 VIII.
976 1146 1085 1210 23.
1155 1143 1363 1231 Cyrus
1405 1144 1516 1210 ille
1560 1166 1600 1209 a
1648 1143 2084 1230 Xenophonte
2125 1166 2256 1209 non
2303 1144 2387 1208 ad
2429 1143 2732 1210 historiae
2778 1146 2977 1213 fidem

584 1246 872 1333 scriptae,
918 1249 1029 1313 sed
1072 1247 1155 1313 ad
1198 1247 1474 1334 effigiem
1515 1247 1672 1313 iusti
1713 1247 1986 1333 imperii,
2054 1246 2234 1313 cuius
2275 1269 2526 1313 summa
2567 1248 2852 1334 gravitas
2895 1248 2984 1317 ab

584 1352 695 1416 illo
729 1350 1105 1438 philosopho
1149 1373 1296 1418 cum
1333 1350 1648 1438 singulari
1691 1350 1990 1417 comitate
2031 1349 2444 1436 coniungitur
2488 1350 2670 1436 (quos
2716 1352 2980 1438 quidem

580 1454 775 1521 libros
811 1476 942 1520 non
986 1454 1121 1520 sine
1165 1476 1354 1521 causa
1380 1457 1595 1520 noster
1622 1453 1733 1519 ille
1761 1453 2110 1519 Africanus
2139 1453 2220 1519 de
2246 1451 2544 1518 manibus
2571 1475 2809 1539 ponere
2841 1478 2978 1522 non

578 1558 857 1625 solebat:
901 1558 1156 1624 nullum
1197 1562 1290 1624 est
1326 1559 1500 1623 enim
1544 1557 2060 1643 praetermissum
2091 1556 2163 1622 in
2191 1555 2294 1623 his
2327 1555 2605 1622 officium
2643 1558 2980 1645 diligentis

577 1667 643 1727 et
671 1663 983 1728 moderati
1010 1661 1267 1748 imperii
1288 1662 1332 1747 z)
1368 1684 1444 1727 ea
1468 1658 1655 1749 [que]
1679 1659 1733 1725 si
1762 1660 1851 1726 sic
1880 1659 2077 1725 coluit
2098 1659 2230 1740 ille,
2260 1660 2374 1745 qui
2394 1660 2686 1746 privatus
2714 1662 2977 1728 futurus

578 1786 930 1851 numquam
959 1763 1106 1844 fuit,
1153 1786 1432 1851 quonam
1460 1764 1651 1830 modo
1687 1764 2024 1830 retinenda
2051 1767 2202 1828 sunt
2229 1762 2329 1842 iis,
2364 1762 2597 1849 quibus
2627 1763 2976 1850 imperium

575 1869 669 1934 ita
704 1870 930 1933 datum
970 1872 1082 1947 est,
1121 1872 1198 1933 ut
1235 1868 1591 1947 redderent,
1633 1871 1699 1932 et
1734 1867 1815 1933 ab
1857 1868 1939 1932 iis
1980 1865 2233 1954 legibus
2269 1868 2494 1932 datum
2539 1873 2655 1948 est,
2691 1870 2777 1933 ad
2813 1889 2977 1954 quas

573 1971 1019 2037 revertendum
1057 1975 1152 2036 est
1174 1971 1208 2035 P
1295 1972 1398 2036 24.
1443 1970 1546 2036 Ac
1583 1969 1748 2035 mihi
1776 1971 2038 2056 quidem
2069 1969 2372 2035 videntur
2408 1969 2537 2036 huo
2579 1971 2798 2036 omnia
2841 1992 2976 2038 esse

571 2075 904 2140 referenda
928 2073 1027 2155 iis,
1073 2074 1186 2160 qui
1215 2077 1516 2160 praesunt
1546 2072 1707 2153 aliis,
1754 2077 1828 2138 ut
1855 2073 1924 2152 ii,
1959 2073 2073 2159 qui
2102 2078 2292 2139 erunt
2320 2074 2392 2139 in
2427 2096 2648 2140 eorum
2675 2074 2969 2161 imperio,

572 2180 700 2243 sint
731 2201 924 2264 quam
958 2178 1307 2244 beatissimi
1334 2201 1348 2242 :
1396 2179 1565 2263 quod
1596 2176 1716 2242 tibi
1748 2183 1813 2242 et
1853 2199 1986 2242 esse
2030 2177 2548 2263 antiquissimum
2576 2184 2643 2244 et
2671 2178 2755 2243 ab
2783 2177 2974 2245 initio

575 2284 787 2363 fuisse,
823 2286 899 2348 ut
934 2282 1215 2369 primum
1243 2281 1471 2346 Asiam
1511 2280 1805 2367 attigisti,
1858 2282 2189 2346 constante
2229 2281 2407 2347 fama
2444 2285 2639 2368 atque
2677 2282 2974 2349 omnium

573 2409 859 2451 sermone
893 2384 1282 2451 celebratum
1320 2388 1436 2450 est.
1525 2383 1650 2448 Est
1686 2388 1903 2449 autem
1941 2404 2074 2449 non
2113 2383 2304 2450 modo
2342 2385 2498 2463 eius,
2535 2386 2648 2471 qui
2677 2386 2865 2452 sociis
2907 2391 2973 2452 et

574 2488 834 2570 civibus,
881 2490 993 2554 sed
1035 2488 1230 2554 etiam
1282 2487 1419 2552 eius
1467 2487 1580 2574 qui
1630 2487 1845 2566 servis,
1906 2487 2020 2574 qui
2065 2487 2263 2553 mutis
2311 2487 2659 2574 pecudibus
2709 2489 2969 2576 praesit,

572 2615 809 2673 eorum,
857 2591 1089 2678 quibus
1132 2591 1387 2677 praesit,
1442 2591 1788 2656 commodis
1826 2590 2227 2678 utilitatique
2271 2592 2521 2658 servire.
2615 2593 2720 2658 25.
2771 2594 2974 2660 Cuius

572 2697 832 2781 quidem
872 2694 1123 2782 generis
1162 2699 1448 2760 constare
1489 2694 1661 2760 inter
1699 2717 1918 2759 omnes
1944 2694 2130 2761 video
2175 2694 2289 2761 abs
2325 2700 2394 2761 te
2432 2718 2750 2762 summam
2787 2697 2972 2763 adhi-

570 2798 706 2864 beri
735 2797 1178 2885 diligentiam:
1222 2797 1477 2863 nullum
1515 2819 1622 2863 aes
1658 2797 1942 2863 alienum
1973 2820 2215 2865 novum
2254 2798 2546 2865 contrahi
2579 2799 2971 2881 civitatibus,

575 2908 784 2967 vetere
827 2905 1044 2967 autem
1085 2921 1324 2987 magno
1368 2904 1433 2966 et
1461 2902 1646 2987 gravi
1679 2901 1917 2966 multas
1960 2900 2073 2967 abs
2114 2905 2181 2967 te
2223 2924 2356 2968 esse
2393 2901 2736 2969 liberatas:
2781 2903 2974 2971 urbes

575 3005 926 3091 complures
953 3004 1199 3070 dirutas
1226 3026 1299 3069 ao
1327 3026 1531 3090 paene
1559 3005 1857 3084 desertas,
1901 3004 1973 3070 in
2014 3004 2247 3090 quibus
2280 3028 2479 3072 unam
2520 3005 2746 3073 Ioniae
2788 3007 2972 3075 nobi-

575 3109 902 3188 lissimam,
955 3107 1223 3174 alteram
1261 3106 1505 3188 Cariae,
1553 3106 1822 3173 Samum
1866 3112 1931 3173 et
1974 3107 2523 3189 Halicarnassum,
2570 3132 2686 3196 per
2728 3116 2796 3176 te
2839 3133 2976 3178 esse

573 3215 931 3277 recreatas:
991 3210 1203 3276 nullas
1259 3232 1392 3276 esse
1447 3210 1518 3276 in
1577 3211 1829 3297 oppidis
1887 3211 2250 3292 seditiones,
2312 3213 2525 3278 nullas
2581 3214 2973 3280 discordias:

648 3508 727 3553 22.
774 3506 909 3553 nulla
930 3506 1031 3553 alia
1056 3503 1289 3569 potestas]
1355 3520 1421 3555 no
1452 3504 1594 3555 other
1625 3521 1726 3554 ma·

584 3569 791 3644 gistrate
831 3575 884 3619 to
926 3569 1092 3618 whom
1123 3574 1175 3619 to
1211 3569 1383 3632 appeal
1415 3569 1611 3634 against
1642 3570 1728 3620 the

582 3642 859 3698 praetonan
890 3649 1072 3696 power.

649 3703 727 3748 23.
769 3702 918 3761 Gyras
940 3697 1042 3763 ille]
1110 3698 1198 3760 Cp.
1224 3696 1319 3761 Ep.
1338 3697 1430 3747 liii.
1453 3701 1499 3751 7.
1557 3699 1729 3749 Cicero

582 3763 857 3878 ffifissog¹³³⁸i⁸
878 3762 963 3813 ⁰²⁰
985 3770 1093 3875 ‘1¹⁰⁰
1115 3763 1440 3877 ἶίῗωοᾞιιέἷ
1460 3762 1560 3839 '‘³²³''
1578 3780 1726 3877 {⁶3²³

714 3845 814 3878 rica
870 3843 996 3877 nove
1020 3865 1031 3876 .
1237 3844 1300 3890 pa
1482 3844 1535 3876 in
1674 3845 1729 3876 111

1824 3505 1886 3555 be
1919 3507 2134 3570 guarded
2155 3505 2225 3571 by
2245 3505 2352 3555 him
2376 3511 2429 3556 to
2456 3507 2620 3557 whom
2651 3508 2912 3572 authority
2933 3510 2977 3559 is

1825 3571 1975 3635 given
2006 3571 2125 3636 only
2147 3587 2214 3621 on
2246 3571 2492 3621 condition
2521 3573 2632 3622 that
2661 3573 2700 3623 it
2734 3574 2795 3624 be
2828 3576 2977 3638 again

1825 3636 1975 3700 given
2013 3651 2046 3684 u
2085 3674 2098 3696 ,
2149 3637 2248 3686 and
2277 3637 2531 3686 eonferred
2567 3637 2635 3701 by
2674 3638 2816 3688 those
2853 3639 2976 3689 laws

1825 3701 1983 3749 under
2004 3717 2050 3750 w
2088 3716 2170 3751 ose
2192 3717 2328 3765 away
2350 3702 2414 3751 he
2436 3709 2568 3751 must
2589 3703 2736 3765 again
2759 3705 2973 3754 return)

1826 3764 1932 3814 The
1953 3765 2075 3814 laws
2096 3781 2179 3814 are
2200 3765 2286 3814 the
2315 3781 2483 3815 causes
2515 3783 2572 3815 or
2592 3783 2788 3817 sources
2815 3771 2874 3817 of
2887 3769 2976 3818 the

1826 3829 2110 3893 authorit53
2144 3828 2298 3878 hence
2317 3833 2461 3879 sniis
2477 3832 2668 3893 leqibm.
2719 3834 2798 3881 Ea
2821 3832 2976 3882 refers

587 3895 840 3943 literature
872 3892 916 3942 is
946 3892 1032 3942 the
1064 3890 1154 3940 life
1186 3892 1241 3941 of
1260 3892 1541 3942 Alexander
1570 3892 1640 3957 by
1666 3892 1724 3948 Q.

588 3958 806 4008 Curtius.
874 3956 996 4006 This
1021 3963 1249 4006 sentence
1274 3957 1317 4006 is
1349 3974 1414 4006 an
1436 3958 1728 4021 ungraceful

587 4024 911 4072 anacoluthon.
962 4020 1232 4070 Lambinus
1253 4023 1489 4084 proposed
1505 4031 1557 4072 to
1573 4022 1727 4072 insert

588 4090 645 4138 Si
666 4087 833 4137 before
857 4086 1047 4150 Cyrus;
1083 4085 1151 4150 by
1174 4085 1288 4135 doin
1346 4103 1417 4147 sc,
1450 4088 1547 4136 and
1580 4086 1725 4136 omit-
1783 4092 1792 4102 '

584 4153 695 4215 ting
716 4152 801 4201 the
823 4167 912 4213 quo
930 4149 1060 4200 after
1079 4166 1148 4213 ea,
1174 4167 1251 4201 we
1418 4150 1543 4201 have
1563 4168 1593 4201 a
1616 4168 1723 4202 eor-

586 4223 690 4267 rect
711 4221 954 4276 sentence,
994 4217 1051 4264 Si
1076 4217 1226 4276 Cyrus
1256 4218 1336 4264 illo
1371 4252 1384 4265 .
1422 4253 1433 4265 .

587 4284 729 4330 coluit
754 4283 851 4330 ille.
921 4279 1021 4329 But
1041 4295 1166 4329 even
1186 4279 1271 4329 the
1306 4281 1361 4330 Si
1383 4280 1551 4331 before
1578 4283 1729 4342 Gyras

587 4362 703 4409 may
742 4345 803 4395 be
837 4344 1092 4419 dispensed
1127 4344 1248 4394 with
1267 4361 1280 4393 ε
1322 4348 1336 4371 ‘
1351 4343 1409 4394 If
1433 4345 1513 4408 he,
1547 4345 1723 4411 Cyrus,

586 4409 777 4473 though
799 4409 1018 4459 destined
1040 4424 1191 4459 never
1210 4415 1262 4459 to
1283 4409 1401 4476 play
1423 4410 1508 4461 the
1531 4418 1642 4474 part
1674 4410 1730 4461 of

585 4492 616 4523 a
630 4475 821 4537 private
836 4473 1035 4534 citizen,
1061 4489 1115 4524 so
1136 4474 1445 4539 assiduously
1459 4475 1731 4526 cultivated

584 4539 722 4589 these
746 4537 1025 4603 principles,
1056 4538 1169 4590 how
1191 4539 1432 4606 carefully
1455 4546 1587 4592 must
1606 4540 1728 4606 they

1471 4252 1485 4265 .
1522 4219 1729 4265 eusicio

1825 3899 1878 3943 to
1895 3896 2113 3956 qravitas
2133 3894 2232 3943 and
2253 3899 2459 3957 canitae,
2491 3903 2504 3924 ‘
2518 3896 2657 3945 these
2679 3895 2913 3961 qualities
2930 3914 2942 3946 ε
2957 3899 2970 3921 ’

1826 3958 1893 4008 of.
1931 3959 2013 4006 hoc
2034 3958 2088 4007 in
2113 3959 2135 4024 ᾗ
2165 3961 2242 4020 13,
2277 3960 2377 4009 and
2407 3977 2462 4008 ea
2484 3977 2601 4022 quae
2624 3963 2818 4010 diversa
2841 3969 2969 4022 sunt,

1879 4025 1958 4086 36,
1983 4023 2148 4073 where
2174 4039 2229 4072 ea
2256 4023 2411 4074 refers
2430 4030 2483 4074 to
2505 4026 2754 4085 publicani
2775 4033 2822 4074 et
2845 4031 2974 4076 coeii.

1921 4125 1934 4149 ,
1959 4088 2081 4148 also,
2106 4088 2253 4138 Tusc.
2277 4087 2312 4138 i.
2338 4093 2385 4150 4,
2411 4105 2526 4153 ergo
2547 4090 2600 4138 in
2624 4091 2832 4141 Graecia
2857 4108 2972 4140 mu·

1822 4151 1913 4202 sici
1937 4152 2223 4215 floruerunt,
2251 4154 2576 4216 discebantque
2603 4158 2659 4202 id
2684 4172 2856 4218 omnes,
2878 4157 2976 4205 and

1826 4223 1942 4267 note
1963 4232 2029 4267 on
2040 4233 2143 4267 eum
2164 4220 2286 4267 idem
2306 4220 2374 4266 sis
2394 4220 2603 4280 adeptus,
2626 4219 2719 4283 Ep.
2741 4220 2830 4269 xii.
2853 4221 2876 4285 ᾇ
2897 4224 2972 4270 13.

1893 4285 1973 4331 24.
2011 4287 2089 4332 Ao
2109 4283 2232 4331 mihi
2253 4283 2460 4348 quidem]
2530 4286 2612 4333 ‘to
2641 4300 2720 4333 me
2751 4284 2794 4335 it
2819 4301 2976 4335 seems

1826 4346 1937 4396 that
1981 4353 2327 4411 governments
2369 4346 2498 4397 have
2541 4347 2633 4398 but
2674 4364 2768 4399 one
2811 4351 2976 4399 end-

1825 4410 1913 4461 the
1955 4417 2169 4526 grggtest
2210 4411 2422 4476 possible
2463 4412 2726 4475 happiness
2783 4415 2844 4464 of
2891 4414 2977 4465 the

1828 4491 2012 4542 govern
2077 4476 2108 4525 .’

1781 4533 1800 4546 ·
1885 4539 2167 4609 modam]
2234 4540 2315 4592 of.
2343 4540 2472 4592 mat.
2500 4540 2626 4606 nep.
2657 4542 2843 4594 345D.
