3229 5145
947 469 1094 534 ΕΡ.
1143 467 1404 532 LXXI.
1455 467 1544 552 (A
1555 467 1686 532 ΥΤ.
1719 468 1863 533 III.
1896 468 2029 552 13.)
2555 468 2688 533 369

555 815 824 940 Lm.
914 870 1035 939 ΤΟ
1078 869 1504 951 ATTICUS,
1550 892 1628 936 ns
1674 870 1881 936 Rom:
1933 870 2125 955 (Arr.
2159 893 2265 938 111.
2303 873 2414 958 13).

594 1097 1114 1154 THESSALONIGA,
1159 1096 1224 1141 A.
1257 1095 1324 1141 U.
1359 1096 1415 1140 C.
1448 1095 1583 1154 0963
1632 1096 1695 1140 B.
1728 1096 1782 1141 C.
1815 1094 1916 1156 583
1962 1095 2111 1141 AET.
2145 1096 2264 1142 cm.
2299 1095 2382 1143 48.

378 1280 455 1332 M.
481 1280 653 1333 Cicero
688 1279 857 1332 Attico
889 1279 1139 1345 significat
1175 1293 1229 1330 se
1261 1281 1462 1344 propter
1492 1277 1809 1329 imminutam
1843 1293 1982 1342 spem
2020 1277 2196 1329 salutis
2225 1295 2343 1330 suae
2371 1295 2474 1331 non
2504 1280 2612 1332 fore
2642 1279 2700 1332 in

284 1362 455 1428 Epiro,
478 1363 663 1414 habitis
683 1361 897 1413 comitiis
918 1363 1049 1427 quod
1068 1359 1198 1410 nihil
1217 1361 1283 1411 ad
1303 1375 1356 1411 se
1376 1360 1439 1411 de
1460 1360 1622 1410 salute
1642 1376 1733 1410 sua
1747 1359 1985 1424 scriptum
2001 1359 2083 1422 sit,
2105 1359 2262 1425 magis
2283 1361 2433 1411 etiam
2453 1363 2696 1427 desperat,

284 1460 387 1496 non
408 1445 521 1496 vult
544 1451 713 1494 tamen
733 1459 792 1495 eo
811 1443 1048 1504 accusari,
1076 1443 1208 1508 quod
1233 1441 1463 1493 adflictus
1492 1441 1560 1492 sit
1587 1441 1644 1491 in
1671 1457 1864 1491 summa
1891 1441 2227 1505 desperatione
2261 1458 2425 1494 rerum
2456 1443 2696 1496 omnium.

289 1525 530 1592 cyzicum
550 1541 602 1577 se
623 1524 893 1590 proficisci:
930 1523 1143 1590 denique
1165 1521 1228 1581 Q.
1253 1522 1462 1574 fratrem
1482 1520 1653 1573 Attico
1673 1523 1998 1573 commendat.

1116 1720 1378 1777 CICERO
1413 1720 1680 1777 ATTICO
1717 1721 1870 1777 SAL.

423 1865 483 1930 1.
531 1862 723 1935 Quod
762 1863 848 1929 ad
889 1866 953 1927 te
996 1861 1369 1947 scripseram
1409 1881 1515 1927 me
1556 1859 1631 1926 in
1666 1859 1869 1946 Epiro
1905 1861 2214 1942 futurum,
2255 1865 2475 1948 postea
2501 1886 2700 1949 quam

290 1966 627 2035 extenuari
670 1988 849 2052 spem
891 1968 1177 2031 nostram
1215 1967 1282 2030 et
1320 1986 1692 2031 evanescere
1720 1964 1875 2044 vidi,
1905 1965 2154 2031 mutavi
2191 1966 2549 2045 consilium,
2579 1990 2698 2034 nec

292 2093 398 2137 me
445 2069 895 2136 Thessalonica
939 2067 1273 2150 commovi,
1325 2067 1440 2134 ubi
1485 2090 1620 2135 esse
1662 2072 2031 2150 statueram,
2077 2070 2287 2155 quoad
2329 2069 2577 2156 aliquid
2614 2073 2700 2138 ad

292 2197 399 2240 me
428 2175 508 2240 de
537 2195 612 2239 eo
640 2171 958 2252 scriberes,
989 2173 1163 2258 quod
1200 2171 1512 2258 proximis
1539 2171 1773 2238 litteris
1800 2170 2155 2258 scripseras,
2186 2173 2323 2238 fore
2351 2174 2450 2239 uti
2479 2196 2701 2241 secun-

294 2279 455 2344 dum
484 2276 742 2343 comitia
769 2275 1016 2362 aliquid
1044 2276 1126 2342 de
1154 2274 1342 2342 nobis
1360 2275 1434 2341 in
1453 2280 1684 2341 senatu
1703 2278 2034 2362 ageretur:
2066 2276 2137 2341 id
2166 2276 2287 2342 tibi
2316 2276 2700 2364 Pompeium

295 2380 548 2448 dixisse.
657 2379 808 2452 Qua
846 2380 927 2445 de
965 2400 1054 2459 re,
1093 2378 1400 2465 quoniam
1435 2377 1694 2445 comitia
1729 2375 1953 2444 habita
1991 2384 2143 2444 sunt
2168 2383 2369 2465 tuque
2411 2379 2579 2446 nihil
2617 2383 2703 2449 ad

295 2507 402 2551 me
444 2483 684 2565 scribis,
728 2482 998 2570 proinde
1039 2479 1288 2549 habebo
1331 2504 1406 2548 ac
1447 2480 1503 2548 si
1545 2480 1896 2567 scripdsses
1937 2481 2107 2547 nihil
2148 2505 2301 2561 esse,
2347 2505 2554 2571 neque
2596 2507 2702 2551 me

296 2587 604 2676 temporis
645 2610 779 2654 non
821 2585 1164 2675 longinqui
1205 2609 1318 2673 spe
1359 2586 1630 2653 ductum
1671 2607 1806 2652 esse
1848 2586 2112 2652 moleste
2155 2587 2380 2654 feram.
2488 2587 2703 2663 Quem

300 2698 519 2759 autem
559 2694 811 2757 motum
843 2696 910 2757 te
947 2690 1166 2757 videre
1208 2689 1564 2777 scripseras,
1609 2689 1724 2775 qui
1751 2687 1936 2755 nobis
1973 2689 2154 2755 utilis
2188 2690 2325 2757 fore
2355 2691 2700 2775 videretur,

300 2817 451 2862 eum
477 2794 786 2861 nuntiant
814 2794 928 2881 qui
954 2794 1225 2860 veniunt
1251 2793 1509 2860 nullum
1536 2793 1696 2859 fore.
1785 2791 1873 2858 In
1900 2791 2179 2859 tribunis
2205 2794 2294 2880 pl.
2327 2795 2700 2883 designatis,

298 2898 549 2986 reliqua
604 2921 747 2985 spes
803 2901 941 2965 est:
1016 2919 1214 2984 quam
1264 2896 1320 2964 si
1362 2900 1753 2985 exspectem,
1815 2919 1947 2963 non
1990 2896 2114 2963 erit
2152 2898 2326 2983 quod
2367 2904 2554 2984 putes
2593 2922 2701 2967 me

299 3025 523 3070 causae
578 3024 778 3084 meae,
835 3001 1158 3068 voluntati
1212 3022 1502 3069 meorum
1558 3000 1857 3068 defuisse.
1976 3002 2042 3066 2.
2103 2999 2298 3072 Quod
2350 3024 2458 3070 me
2512 3025 2703 3091 saepe

368 3205 412 3252 1.
440 3209 607 3265 postea
649 3200 816 3269 quam]
907 3200 1103 3251 ‘When
1146 3200 1175 3251 1
1218 3217 1323 3251 sav
1364 3216 1453 3265 my
1552 3216 1649 3250 non
1677 3197 1841 3277 miqht
1867 3199 1997 3251 have
2026 3199 2184 3250 fallen
2215 3205 2304 3251 out
2328 3199 2496 3267 owing
2524 3208 2580 3255 to
2610 3204 2701 3257 the

300 3267 465 3383 ἔῃ
495 3267 552 3319 of
583 3267 710 3330 hope
732 3265 958 3331 growing
978 3267 1075 3317 less
1095 3266 1196 3316 and
1215 3266 1330 3327 less,
1353 3266 1454 3316 and
1551 3267 1731 3316 almost
1762 3265 2044 3316 immediate
2077 3267 2374 3329 precedence
2410 3267 2469 3318 of
2489 3269 2700 3321 another

441 3349 476 3397 y
498 3331 800 3409 vsnishing!
1550 3346 1663 3380 non.
1732 3329 1812 3380 On
1849 3329 1935 3380 the
1964 3346 2097 3381 same
2131 3329 2288 3394 princi
2322 3331 2370 3382 le
2396 3331 2425 3382 1
2456 3334 2600 3399 suppl
2664 3350 2698 3387 a

364 3400 614 3447 seeundum
634 3395 851 3461 eomctia]
933 3394 1301 3460 ‘immediately
1321 3393 1453 3446 after
1549 3411 1645 3444 non
1665 3394 2003 3460 immediately
2025 3395 2155 3445 after
2175 3347 2389 3446 another
2406 3413 2502 3447 non
2521 3405 2576 3449 at
2587 3351 2697 3450 ιιι.

298 3461 387 3513 the
418 3462 630 3513 electicn
660 3461 714 3512 of
745 3461 830 3512 the
860 3460 1058 3510 consuis
1077 3460 1132 3509 in
1151 3459 1316 3524 July.’
1385 3460 1452 3511 So
1550 3461 1622 3510 vi.
1650 3463 1697 3522 6,
1718 3464 1766 3522 4,
1793 3475 1886 3509 non
1907 3463 2010 3510 dieo
2029 3462 2240 3523 equidem
2260 3476 2370 3511 uon
2392 3464 2512 3524 quid
2528 3466 2697 3526 eqerit,

300 3529 551 3576 &eundum
580 3542 745 3576 aurem
778 3525 937 3592 (Fam.
964 3525 1033 3575 iv.
1062 3528 1139 3586 12,
1164 3526 1214 3590 2)
1248 3526 1293 3575 is
1331 3525 1447 3575 ‘be-
1549 3528 1632 3574 sed
1662 3531 1817 3574 tamen
1848 3527 1997 3574 multo
2027 3529 2199 3584 minue,
2247 3526 2421 3590 laboro,
2464 3526 2522 3577 ⁴1
2555 3529 2699 3580 don’t

300 3590 425 3642 hind
446 3591 532 3642 the
553 3591 674 3642 ear)
1549 3605 1640 3655 say
1655 3589 1684 3640 1
1707 3605 1817 3640 care
1838 3595 1945 3651 not,
1968 3589 2062 3640 but
2084 3589 2111 3638 I
2126 3605 2237 3640 care
2258 3590 2408 3641 much
2428 3590 2541 3653 less,
2559 3592 2698 3645 what

366 3657 500 3706 nihil
517 3654 636 3722 ene]
701 3671 771 3706 sc.
797 3661 955 3705 actum
975 3656 1032 3704 de
1051 3654 1202 3703 nobis.
1548 3653 1613 3705 he
1644 3653 1735 3705 has
1765 3654 1922 3705 done’
1963 3655 2327 3719 (Hermathena,
2362 3654 2398 3704 i.
2423 3671 2476 3720 p.
2503 3659 2639 3722 208).

368 3718 880 3796 nequemetemporiel
930 3717 1452 3783 ‘NorshallIregret
1613 3717 1817 3785 motum]
1886 3718 2108 3770 SeeAtt.
2132 3719 2207 3769 iii.
2234 3721 2282 3782 8,
2310 3722 2358 3769 3.

304 3784 416 3837 that
434 3786 522 3836 the
541 3785 669 3849 hope
689 3785 760 3850 by
782 3783 948 3835 which
968 3783 997 3834 1
1020 3783 1150 3834 have
1170 3783 1449 3834 beenlured
1613 3799 1758 3846 quam
1800 3785 1844 3832 a·
1885 3782 2176 3850 exspectare]
2263 3789 2277 3812 ⁴
2292 3784 2338 3834 if
2373 3782 2402 3834 1
2440 3785 2592 3836 avait
2625 3786 2696 3838 its

304 3849 405 3901 had
449 3855 538 3900 not
568 3855 622 3900 to
666 3849 818 3900 avait
860 3864 963 3914 any
995 3848 1183 3898 distant
1212 3847 1334 3899 time
1369 3847 1450 3898 for
1547 3846 1681 3898 issue
1697 3846 1737 3898 :’
1773 3847 1841 3899 cf.
1875 3847 2047 3908 above,
2078 3851 2298 3909 &uaporis
2325 3851 2569 3913 lonqinqui
2594 3867 2692 3912 epe,

304 3914 372 3966 its
407 3913 678 3965 fulfilment
721 3930 778 3964 or
812 3912 1244 3964 non-summane
1327 3912 1450 3963 This
1554 3915 1570 3941 ⁸
1588 3912 1716 3977 hope
1744 3913 1958 3963 deotioued
1979 3916 2152 3978 tofina
2169 3915 2237 3962 ite
2260 3915 2382 3962 isene
2409 3914 2465 3964 in
2487 3931 2553 3966 no
2575 3916 2697 3982 long

305 3979 351 4030 is
384 3979 567 4045 clearly
599 3979 687 4031 the
719 3978 969 4042 meaning.
1051 3977 1224 4028 Cicero
1256 3975 1301 4027 is
1333 3977 1452 4042 glad
1550 3977 1711 4028 time!

305 4044 417 4095 that
452 4044 516 4095 he
555 4044 600 4095 is
626 4049 720 4108 put
745 4049 834 4094 out
865 4042 924 4093 of
952 4041 1071 4106 pain
1104 4046 1158 4093 at
1190 4056 1327 4093 once.
1399 4041 1451 4092 It
1614 4057 1781 4092 cumae
1816 4057 1956 4101 meae,
1991 4042 2230 4092 voluntati
2266 4043 2501 4121 mecum]
2570 4045 2696 4098 This

305 4109 472 4160 would
495 4108 624 4161 have
644 4108 771 4159 been
795 4122 948 4158 worse
978 4105 1079 4157 had
1098 4106 1164 4157 he
1184 4106 1309 4157 been
1329 4106 1451 4170 kept
1548 4107 1824 4171 asyndeton
1865 4107 2092 4157 between
2135 4113 2229 4156 two
2269 4108 2430 4158 words
2483 4124 2529 4159 u
2570 4127 2696 4177 vem-y

303 4173 477 4237 longer
503 4173 557 4224 in
592 4188 826 4238 suspense
853 4171 1023 4223 before
1050 4171 1115 4222 he
1142 4171 1300 4221 found
1334 4171 1449 4222 how
1548 4187 1774 4222 common
1817 4170 1873 4221 in
1918 4171 2022 4222 Cic.
2068 4170 2198 4234 Epp.
2267 4171 2360 4235 Cp.
2397 4175 2696 4234 patrimonio

304 4238 518 4289 beseleoe
553 4253 682 4289 vere
714 4238 794 4287 his
826 4236 995 4301 hopes.
1066 4235 1167 4287 But
1193 4235 1267 4297 M,
1302 4235 1364 4295 B,
1398 4235 1445 4294 1,
1536 4237 1764 4300 fortuna,
1798 4237 1907 4286 Att.
1931 4235 2003 4286 xi.
2028 4238 2076 4298 9,
2105 4238 2165 4297 3;
2201 4238 2363 4299 offleii·
2385 4238 2692 4303 liberalitate,

303 4303 434 4354 have
454 4319 628 4366 meque,
653 4308 741 4352 not
762 4317 907 4365 neque
920 4319 943 4362 ,·
978 4300 1153 4351 Bcsius
1185 4300 1260 4367 (of
1278 4316 1450 4351 course
1550 4300 1693 4351 Fam.
1741 4299 1849 4351 xiii.
1899 4304 1981 4363 24,
2033 4303 2093 4361 8;
2150 4304 2291 4351 vultu
2336 4304 2692 4368 taciturnitate,

305 4367 540 4432 chiming
559 4369 646 4418 the
677 4366 932 4432 authority
952 4365 1008 4416 cf
1027 4365 1079 4416 X
1099 4367 1197 4417 and
1218 4364 1286 4430 Y)
1307 4367 1452 4416 reads
1550 4365 1693 4416 Fam.
1727 4365 1803 4416 iii.
1840 4367 1888 4425 8,
1927 4368 1988 4425 23
2036 4366 2211 4415 studiis
2258 4367 2506 4431 benefieiis,
2549 4368 2693 4421 Fam.

305 4448 488 4496 ηοφιη
520 4433 618 4482 and
649 4430 848 4482 Ernesti
878 4446 1023 4494 neque
1053 4446 1142 4480 me.
1211 4429 1240 4481 1
1272 4430 1452 4482 should
1548 4430 1639 4482 vii.
1673 4431 1721 4493 5,
1759 4433 1804 4480 1.
1872 4429 1995 4479 This
2032 4429 2239 4481 defends
2275 4447 2363 4497 my
2394 4433 2697 4498 conjecture,

305 4496 472 4562 prefer
504 4501 558 4547 to
590 4498 707 4548 read
744 4511 904 4560 mequs
937 4494 1061 4545 with
1095 4495 1185 4546 the
1219 4511 1312 4558 ms,
1351 4494 1451 4546 and
1592 4497 1718 4557 'pulo
1737 4497 1940 4544 micio
1959 4494 2042 4545 for
2054 4497 2591 4558 poputaoomieioino.
2612 4499 2695 4551 Fr.

307 4562 491 4628 supply
533 4578 627 4612 non
666 4562 833 4613 before
875 4562 1062 4611 moleste
1091 4562 1274 4625 seram.
1343 4560 1451 4610 ‘rtw
1570 4575 1585 4607 ι
1638 4563 1697 4608 10
1724 4560 1844 4626 (12),
1880 4564 1926 4610 1.

1550 4559 1605 4607 ι’.

1459 4665 1486 4707 2
1528 4665 1560 4704 B
