3229 5145
512 475 639 540 198
1082 486 1091 497 ·
1241 475 1389 541 ΕΡ.
1436 476 1594 541 XX.
1645 475 1873 562 (ATT.
1920 477 1980 540 Ι.
2029 477 2166 559 14.)

508 649 579 714 id
606 650 691 715 ad
720 672 843 729 me,
872 650 1126 735 inquies
1148 649 1181 714 P
1267 647 1576 729 Tantum,
1607 648 1783 734 quod
1803 672 1881 715 ea
1908 648 2236 735 emptione
2264 652 2331 716 et
2350 670 2469 714 nos
2495 647 2659 714 bene
2688 649 2921 715 emisse

507 751 775 819 iudicati
813 775 1034 819 sumus
1076 757 1142 820 et
1183 751 1476 818 homines
1520 752 1886 840 intelligere
1936 755 2280 839 coeperunt
2322 753 2514 818 licere
2563 752 2920 818 amicorum

505 855 924 922 facultatibus
951 857 1022 922 in
1053 858 1324 923 emendo
1363 857 1448 922 ad
1475 856 1865 943 dignitatem
1894 856 2180 943 aliquam
2208 856 2561 942 pervenire.
2651 854 2921 922 Teucris

504 959 621 1025 illa
662 960 913 1026 lentum
953 959 1291 1047 negotium
1327 964 1424 1026 est
1461 961 1573 1025 sed
1614 964 1837 1025 tamen
1870 965 1967 1026 est
2004 961 2075 1026 in
2115 982 2244 1046 spe.
2348 958 2454 1025 Tu
2492 961 2619 1025 ista
2657 960 2919 1026 confice.

506 1061 575 1128 A
616 1063 802 1130 nobis
844 1063 1205 1129 liberiorem
1247 1064 1584 1150 epistolam
1627 1068 1939 1150 exspecta.
2032 1085 2125 1129 v1.
2176 1062 2339 1130 Kal.
2379 1061 2571 1129 Febr.
2611 1061 2707 1128 M.
2742 1062 2921 1129 Mes-

505 1166 666 1233 salla
693 1166 787 1232 M.
823 1167 1057 1233 Pisone
1085 1189 1237 1233 coss.

842 1553 1005 1620 XX.
1053 1551 1169 1620 To
1213 1551 1637 1633 ATTIGUS,
1683 1575 1760 1619 m
1805 1553 2067 1621 Emaus
2119 1555 2314 1641 (A‘rr.
2369 1576 2415 1620 1.
2470 1555 2580 1640 14).

952 1779 1158 1838 noun,
1204 1780 1270 1823 A.
1303 1779 1372 1823 u.
1407 1779 1462 1823 c.
1502 1777 1640 1837 6933
1689 1780 1750 1827 Β.
1783 1780 1837 1825 c.
1886 1779 1986 1839 613
2033 1780 2181 1825 ΛΒΤ.
2214 1781 2332 1825 010.
2379 1778 2463 1825 45.

606 1960 678 2010 M.
703 1959 874 2010 Cicero
895 1958 1102 2024 exponit
1121 1959 1184 2009 de
1216 1958 1422 2010 summis
1453 1959 1860 2023 occupationibus
1891 1960 2011 2022 suis,
2049 1962 2111 2011 de
2132 1959 2292 2025 prima
2315 1960 2407 2012 Cn.
2433 1959 2659 2025 Pompeii
2686 1961 2924 2013 contione

502 2042 767 2091 admodum
786 2040 972 2105 frigida
1003 2046 1053 2091 et
1074 2040 1194 2091 item
1214 2041 1400 2091 altera:
1437 2046 1547 2091 tum
1569 2040 1742 2092 scribit
1761 2041 1883 2106 quid
1907 2042 1998 2092 Cn.
2027 2041 2291 2107 Pompeius
2322 2045 2386 2094 de
2409 2042 2651 2094 Clodiana
2672 2043 2921 2108 religione

503 2129 555 2174 et
575 2124 636 2173 de
656 2123 968 2186 promulgata
987 2122 1240 2186 rogatione
1259 2121 1317 2172 in
1340 2128 1517 2173 senatu
1538 2122 1735 2185 dixerit,
1776 2121 1896 2188 quid
1920 2122 2125 2173 Crassus
2148 2126 2209 2175 de
2230 2125 2462 2175 laudibus
2483 2124 2642 2189 ipsius
2666 2124 2921 2175 Ciceronis

500 2209 613 2269 post
644 2203 935 2269 Pompeium
965 2204 1229 2265 censuerit,
1282 2221 1430 2270 quam
1463 2204 1682 2269 graviter
1712 2204 1819 2268 ipse
1850 2204 2099 2255 sententia
2130 2222 2223 2256 sua
2255 2205 2491 2269 Pompeio
2522 2206 2786 2257 oblocutus
2818 2206 2917 2257 sit:

506 2284 621 2336 dein
642 2287 703 2336 de
723 2286 871 2335 rebus
893 2284 1145 2347 Romanis,
1173 2286 1234 2336 de
1257 2285 1518 2337 severitate
1540 2292 1758 2347 senatus,
1782 2286 1844 2336 de
1865 2284 2078 2337 comitiis
2099 2288 2312 2339 turbatis
2333 2294 2387 2339 et
2406 2287 2638 2350 dimissis,
2678 2289 2741 2339 de
2772 2304 2921 2338 sens-

502 2373 586 2418 tus
618 2367 842 2419 consulto
863 2372 1035 2417 contra
1069 2366 1127 2416 P.
1154 2365 1386 2417 Clodium
1416 2367 1568 2429 facto,
1603 2374 1662 2418 ut
1682 2367 1924 2431 populum
1955 2368 2182 2419 consules
2216 2370 2594 2420 cohortarentur
2624 2370 2688 2419 ad
2708 2369 2923 2433 rogatio-

503 2465 620 2499 nem
661 2448 1015 2513 accipiendam‚
1053 2449 1115 2499 de
1149 2447 1208 2498 P.
1246 2448 1408 2498 Clodii
1438 2448 1752 2499 contionibus
1784 2448 1995 2512 miseris,
2031 2451 2094 2500 de
2126 2456 2327 2501 senatus
2360 2450 2656 2501 constantia.
2727 2451 2924 2501 Laudat

506 2531 790 2582 Messallam
833 2529 1101 2591 consulem,
1151 2529 1405 2594 vituperat
1436 2529 1686 2592 Pisonem,
1732 2530 1958 2582 tribunos
2003 2532 2073 2596 pl.
2109 2531 2265 2584 bonos
2303 2532 2572 2598 praedicat.
2657 2531 2736 2582 De
2777 2532 2927 2583 rebus

503 2613 712 2676 privatis
744 2617 795 2664 et
827 2612 930 2663 suis
962 2618 1014 2663 et
1046 2611 1106 2669 Q„
1131 2611 1301 2662 fratris
1324 2627 1337 2672 3
1374 2611 1587 2676 denique
1618 2612 1846 2663 hortatur
1869 2612 2109 2676 Atticum,
2148 2619 2208 2664 ut
2239 2629 2353 2663 cum
2376 2613 2592 2664 Lucceio
2624 2613 2680 2663 in
2712 2615 2927 2679 gratiam

504 2695 689 2745 redeat.

1340 2857 1603 2913 CICERO
1641 2857 1906 2913 ATTICO
1945 2858 2097 2914 SAL.

637 3032 696 3096 1.
742 3030 987 3099 Vereor
1029 3053 1111 3096 ne
1153 3030 1458 3116 putidum
1500 3029 1585 3096 sit
1614 3029 1886 3096 scribere
1925 3032 2011 3096 ad
2038 3035 2104 3097 te
2150 3054 2346 3118 quam
2391 3032 2515 3098 sim
2554 3036 2926 3118 ocoupatus,

505 3135 618 3201 sed
663 3138 754 3199 ita
812 3140 1029 3199 tamen
1072 3131 1444 3211 distinebar,
1489 3138 1565 3198 ut
1608 3134 1761 3199 huic
1809 3134 1922 3199 vix
1973 3136 2265 3202 tantulae
2312 3135 2621 3222 epistolae
2667 3140 2928 3222 tempus

506 3236 842 3303 habuerim
902 3242 1094 3322 atque
1143 3237 1214 3302 id
1268 3241 1559 3321 ereptum
1617 3260 1653 3302 e
1714 3237 1982 3303 summis
2040 3239 2580 3325 occupationibus.
2702 3239 2930 3305 Prima

509 3342 720 3408 contio
772 3340 1067 3426 Pompeii
1118 3339 1327 3426 qualis
1370 3340 1596 3405 fuisset
1648 3340 1871 3427 scripsi
1929 3343 2014 3408 ad
2064 3345 2130 3409 te
2190 3346 2401 3422 antea,
2464 3365 2599 3408 non
2641 3342 2931 3408 iucunda

508 3584 627 3636 held
648 3584 705 3634 it.
757 3582 881 3632 'I'his
895 3580 1061 3633 would
1082 3580 1213 3631 have
1234 3580 1361 3630 been
1382 3579 1665 3644 impossible
1765 3580 1822 3630 in
1850 3580 1991 3630 Fam.
2020 3595 2074 3632 v.
2100 3582 2147 3631 5.
2219 3580 2283 3631 In
2305 3582 2408 3631 fact
2430 3580 2682 3631 Antonius
2703 3597 2808 3631 was
2837 3585 2929 3632 not

508 3651 608 3701 had
650 3653 739 3699 not
782 3647 869 3698 the
913 3648 1066 3696 house
1111 3646 1238 3696 been
1284 3662 1317 3696 a
1360 3646 1666 3696 remarkable
1799 3646 2053 3696 rosecuoed
2097 3645 2230 3696 until
2278 3648 2373 3696 695
2423 3646 2495 3711 (b.
2519 3661 2564 3695 c.
2615 3646 2717 3711 59),
2776 3646 2929 3696 when

510 3731 619 3766 one.
705 3712 758 3764 It
802 3728 905 3762 was
949 3712 1059 3761 first
1098 3711 1217 3761 held
1260 3710 1332 3776 by
1370 3710 1444 3761 M.
1488 3710 1666 3762 Livius
1764 3661 1937 3760 gicero
1965 3711 2207 3761 defended
2226 3709 2348 3772 him,
2386 3710 2482 3761 but
2502 3709 2926 3776 unsuooessfuny.

514 3780 724 3836 Drusus,
767 3778 855 3828 the
891 3776 1106 3836 tribune,
1142 3775 1257 3825 who
1285 3792 1389 3826 was
1426 3775 1579 3826 killed
1612 3781 1667 3826 at
1764 3775 1862 3825 We
1892 3775 2032 3824 leam
2058 3777 2184 3825 from
2209 3776 2296 3826 the
2327 3781 2452 3826 next
2479 3775 2628 3826 letter
2663 3777 2785 3840 (sub.
2797 3776 2924 3839 flou.)

511 3846 599 3895 the
620 3843 894 3908 beginning
914 3840 970 3891 of
988 3841 1076 3891 the
1095 3840 1258 3891 Social
1277 3856 1413 3894 war:
1452 3840 1573 3891 then
1594 3841 1667 3904 by
1763 3839 1875 3889 that
1891 3839 2138 3890 Antonius
2155 3842 2231 3903 (or
2244 3840 2324 3890 his
2338 3842 2504 3905 agent)
2531 3840 2618 3890 did
2632 3841 2808 3905 finally
2821 3857 2927 3905 pay

515 3909 737 3969 Crassus,
771 3907 892 3958 then
924 3907 957 3956 b
1017 3905 1204 3966 Cicero,
1236 3905 1357 3955 then
1389 3905 1458 3970 by
1482 3905 1664 3955 Censo-
1763 3903 1851 3953 the
1874 3918 2056 3969 money
2078 3910 2131 3955 to
2161 3905 2364 3967 Cicero;
2401 3907 2500 3955 and
2520 3906 2651 3955 from
2674 3906 2761 3956 the
2793 3921 2934 3956 same

514 3990 671 4088 ΜΨ
708 3923 1293 4086 andffffizigsstaeguq
1315 3970 1548 4084 Ἢῑ.
1596 4033 1631 4084 1,
1767 3984 2081 4098 ww
2114 3970 2387 4083 ww
2416 3969 2537 4085 ‘¹²⁸3
2762 3974 2932 4085 Ὗ

513 4037 799 4155 ὡθῗέεῒ]οέ
818 4052 945 4166 you}
965 4050 1374 4159 gigidqbllmon‘b?
1393 4099 1473 4150 for
1492 4115 1523 4149 a
1544 4050 1670 4162 pag
1768 4035 1931 4148 wffl
1967 4104 2022 4146 tu
2038 4050 2821 4162 adataeffgmunnozss}
2857 4051 2934 4175 (ig

516 4168 677 4228 cham,
714 4172 768 4217 to
790 4171 874 4231 get
895 4182 926 4216 a
944 4165 1099 4216 house
1120 4163 1229 4214 that
1251 4164 1398 4214 befits
1419 4180 1547 4230 your
1568 4169 1668 4213 sta-
1768 4167 1891 4277 3fextlt
1911 4162 2095 4227 letter),
2122 4165 2221 4213 and
2234 4163 2479 4213 therefore
2500 4170 2590 4214 not
2604 4169 2659 4214 to
2674 4164 2762 4214 the
2782 4163 2934 4214 affair

517 4232 660 4282 tion.’
1891 4227 2066 4278 eucris.

591 4295 805 4360 Teucris]
885 4299 898 4323 ‘
916 4293 942 4343 1
980 4294 1110 4344 have
1155 4292 1258 4342 still
1300 4292 1367 4342 ho
1490 4291 1547 4340 of
1584 4291 1665 4341 'L’

518 4360 615 4411 We
638 4377 751 4425 may
775 4375 983 4422 suppose
1013 4359 1124 4408 that
1145 4357 1317 4407 Cicero
1405 4356 1563 4420 ought
1581 4356 1669 4406 the
1839 4358 1863 4404 1
1922 4358 1998 4405 ita
2019 4356 2201 4424 tamen]
2268 4355 2295 4406 I
2322 4358 2450 4407 have
2470 4357 2688 4408 insemd
2711 4359 2802 4419 ita,
2839 4357 2929 4408 the

518 4424 829 4490 prosecution
861 4424 958 4473 had
992 4423 1158 4472 blown
1191 4438 1323 4471 over.
1396 4420 1480 4470 He
1512 4436 1669 4470 seems
1769 4420 2052 4485 conjecture
2083 4421 2139 4471 of
2162 4421 2331 4471 Orelli.
2399 4422 2452 4472 It
2473 4422 2636 4487 might
2657 4423 2775 4472 well
2797 4422 2933 4473 have

516 4497 570 4540 at
607 4490 733 4539 least
766 4494 819 4539 to
855 4488 984 4538 have
1020 4502 1085 4537 no
1121 4486 1275 4536 doubt
1310 4485 1462 4536 about
1494 4485 1670 4550 taking
1768 4485 1925 4535 fallen
1946 4493 2036 4536 out
2055 4486 2224 4536 before
2248 4492 2420 4536 tamon.

517 4555 604 4606 the
625 4569 804 4618 money
826 4552 881 4602 in
902 4551 1029 4615 spite
1050 4550 1105 4601 of
1124 4550 1212 4601 the
1232 4550 1364 4601 fears
1385 4550 1670 4601 mentioned
1833 4551 2006 4600 Rima
2047 4550 2223 4617 contio]
2313 4553 2328 4579 ‘
2347 4550 2375 4601 I
2419 4551 2549 4603 have
2596 4552 2803 4618 already
2840 4553 2934 4603 ds·
