3229 5145
997 463 1144 528 ΕΡ.
1190 463 1418 527 XXX.
1472 462 1578 547 (Q.
1610 463 1750 527 FB.
1781 460 1845 526 I.
1874 464 1965 547 1.)
2554 463 2681 526 265

286 635 495 714 erunt,
540 656 749 720 neque
793 635 843 700 ii
890 657 1197 716 recusare,
1243 635 1357 721 qui
1396 634 1901 721 postulaverunt.
2008 637 2111 702 34.
2155 634 2366 702 Simul
2408 641 2474 701 et
2515 636 2682 701 illud

286 735 450 802 Asia
475 737 733 824 cogitet,
762 738 1010 806 nullam
1038 738 1121 805 ab
1149 762 1216 805 se
1245 761 1451 825 neque
1478 738 1635 805 belli
1663 739 1912 805 externi
1946 761 2153 825 neque
2192 739 2678 806 domesticarum

282 839 743 907 discordiarum
799 841 1227 909 calamitatem
1283 842 1658 908 adfuturam
1708 842 1923 923 fuisse,
1972 843 2028 908 si
2075 845 2196 909 hoc
2236 843 2504 929 imperio
2548 864 2676 908 non

283 947 630 1010 teneretur.
748 944 835 1011 Id
893 950 1109 1012 autem
1165 945 1506 1031 imperium
1564 967 1713 1011 cum
1767 946 2029 1012 retineri
2081 947 2217 1012 sine
2261 944 2681 1034 vectigalibus

283 1047 468 1113 nullo
509 1048 701 1114 modo
741 1049 960 1135 possit,
1004 1072 1206 1136 aequo
1249 1049 1465 1114 animo
1523 1054 1706 1135 parte
1764 1049 1981 1134 aliqua
2037 1072 2298 1117 suorum
2353 1050 2678 1115 fructuum

283 1172 506 1235 pacem
548 1151 672 1217 sibi
714 1153 1167 1238 sempiternam
1210 1152 1486 1218 redimat
1528 1155 1721 1237 atque
1764 1152 1988 1219 otium.

413 1253 587 1320 XII.
636 1256 740 1321 35.
789 1254 982 1327 Quod
1009 1257 1064 1321 si
1092 1278 1296 1343 genus
1326 1256 1539 1342 ipsum
1578 1262 1644 1320 et
1682 1277 1917 1322 nomen
1945 1255 2271 1343 publicani
2299 1278 2429 1322 non
2458 1256 2679 1340 iniquo

282 1355 502 1424 animo
540 1357 968 1439 sustinebunt,
1020 1364 1324 1446 poterunt
1372 1359 1452 1424 iis
1495 1358 1758 1424 consilio
1798 1365 1864 1425 et
1901 1360 2245 1446 prudentia
2280 1363 2398 1425 tua
2433 1359 2681 1445 reliqua

281 1460 490 1526 videri
515 1461 792 1527 mitiora.
882 1462 1162 1529 Possunt
1198 1464 1270 1528 in
1309 1461 1711 1548 pactionibus
1749 1462 2059 1528 faciendis
2097 1485 2229 1529 non
2256 1462 2468 1550 legem
2507 1484 2679 1549 spec·

280 1567 423 1629 tare
467 1565 834 1645 censoriam,
888 1567 1001 1632 sed
1048 1567 1261 1652 potius
1311 1566 1828 1632 commoditatem
1885 1566 2258 1633 conficiendi
2312 1567 2561 1654 negotii
2617 1572 2682 1631 et

280 1665 727 1735 liberationem
764 1669 1111 1736 molestiae.
1134 1714 1189 1753 ἃ
1202 1668 1396 1735 Potes
1433 1669 1631 1734 etiam
1669 1674 1745 1734 tu
1782 1668 1853 1734 id
1895 1669 2121 1750 facere,
2161 1671 2334 1756 quod
2372 1675 2439 1736 et
2473 1668 2682 1736 fecisti

280 1772 542 1858 egregie
572 1779 637 1838 et
663 1773 837 1853 facis,
868 1777 943 1839 ut
973 1794 1425 1840 commemores
1465 1778 1711 1858 quanta
1748 1771 1833 1838 sit
1866 1771 1939 1837 in
1976 1772 2336 1859 publicanis
2375 1773 2681 1859 dignitas,

279 1880 602 1959 quantum
639 1898 757 1942 nos
792 1877 894 1941 illi
933 1877 1141 1943 ordini
1182 1875 1545 1955 debeamus,
1585 1880 1661 1941 ut
1699 1880 1942 1941 remoto
1979 1876 2250 1962 imperio
2278 1899 2352 1942 ac
2380 1876 2446 1941 vi
2473 1880 2678 1961 potes-

280 1977 437 2042 tatis
478 1982 545 2044 et
587 1978 858 2045 fascium
899 1978 1270 2066 publicanos
1313 2000 1460 2051 cum
1504 1977 1766 2044 Graecis
1815 1979 2028 2063 gratia
2070 1984 2263 2066 atque
2306 1980 2682 2044 auctoritate

278 2081 636 2168 coniungas
677 2087 745 2149 et
786 2082 868 2149 ab
911 2083 1010 2164 iis,
1055 2084 1136 2151 de
1179 2082 1412 2170 quibus
1462 2082 1705 2169 optime
1753 2087 1830 2148 tu
1879 2082 2147 2148 meritus
2188 2104 2256 2148 es
2299 2086 2363 2148 et
2406 2083 2518 2168 qui
2560 2081 2684 2148 tibi

282 2185 503 2250 omnia
530 2185 784 2266 debent,
813 2186 934 2253 hoc
962 2192 1161 2273 petas,
1191 2191 1268 2254 ut
1297 2186 1607 2253 facilitate
1649 2208 1765 2251 sua
1798 2207 1917 2251 nos
1951 2208 2094 2252 eam
2128 2186 2681 2266 necessitudinem,

276 2308 450 2372 quae
491 2292 588 2354 est
632 2288 816 2355 nobis
867 2313 1013 2356 cum
1055 2289 1434 2377 publicanis,
1482 2287 1769 2356 obtinere
1812 2293 1878 2354 et
1919 2311 2286 2355 conservare
2328 2289 2681 2376 patiantur.

282 2391 391 2455 36.
438 2390 566 2458 Sed
609 2394 766 2478 quid
807 2416 926 2481 ego
963 2400 1028 2459 te
1068 2392 1224 2459 haec
1264 2392 1501 2474 hortor,
1533 2414 1699 2477 quae
1737 2396 1815 2457 tu
1852 2414 1983 2459 non
2019 2393 2211 2458 modo
2254 2392 2461 2459 facere
2502 2396 2684 2478 potes

282 2500 400 2560 tua
441 2502 666 2583 sponte
709 2499 845 2563 sine
888 2498 1265 2616 cuiusquam
1320 2496 1694 2584 praeceptis,
1739 2497 1852 2561 sed
1892 2495 2089 2562 etiam
2145 2517 2386 2582 magna
2426 2495 2560 2561 iam
2603 2518 2684 2563 ex

280 2605 466 2684 parte
492 2601 863 2686 perfecisti?
950 2601 1107 2669 Non
1142 2601 1318 2668 enim
1357 2600 1675 2668 desistunt
1712 2599 1897 2667 nobis
1941 2622 2130 2687 agere
2172 2601 2405 2666 cotidie
2443 2601 2685 2686 gratias

283 2702 763 2771 honestissimae
806 2711 870 2772 et
914 2706 1234 2772 maximae
1293 2705 1642 2784 societates,
1693 2705 1868 2790 quod
1922 2704 2184 2790 quidem
2231 2703 2394 2769 mihi
2450 2704 2685 2771 idcirco

280 2807 624 2874 iucundius
657 2814 772 2889 est,
818 2810 993 2895 quod
1030 2809 1204 2876 idem
1242 2808 1494 2874 faciunt
1531 2807 1778 2874 Graeci.
1867 2807 2145 2875 Difficile
2188 2812 2285 2874 est
2327 2812 2544 2874 autem
2586 2831 2683 2890 ea,

278 2932 467 2995 quae,
513 2912 879 2992 commodis,
908 2912 1190 2979 utilitate
1233 2917 1298 2978 et
1340 2934 1538 2998 prope
1580 2916 1818 2977 natura
1860 2911 2110 2979 diversa
2147 2916 2320 2992 sunt,
2351 2911 2684 2978 voluntate

277 3013 686 3101 coniungere.
776 3015 874 3081 At
923 3039 999 3082 ea
1049 3017 1330 3102 quidem,
1376 3038 1541 3102 quae
1588 3037 1784 3101 supra
1833 3016 2068 3101 scripta
2110 3021 2281 3096 sunt,
2327 3037 2460 3081 non
2503 3021 2579 3081 ut
2620 3022 2686 3080 te

277 3115 702 3199 instituerem,
747 3118 1263 3206 scripsi—neque
1306 3120 1479 3184 enim
1526 3119 1872 3206 prudentia
1912 3123 2030 3184 tua
2071 3119 2448 3205 cuiusquam
2498 3141 2683 3206 prae—

274 3223 469 3304 cepta
504 3221 1016 3289 desiderat—sed
1056 3244 1158 3289 me
1200 3222 1272 3288 in
1315 3221 1646 3288 scribendo
1691 3222 2205 3288 commemoratio
2250 3229 2400 3288 tuae
2427 3222 2686 3289 virtutis

276 3321 658 3390 delectavit:
706 3347 1097 3412 quamquam
1135 3326 1207 3391 in
1247 3325 1348 3392 his
1375 3326 1609 3393 litteris
1638 3324 1892 3412 longior
1932 3325 2032 3391 fui
2073 3348 2269 3412 quam
2303 3331 2418 3391 aut
2449 3325 2684 3392 vellem

278 3430 398 3491 aut
426 3449 620 3512 quam
647 3451 753 3494 me
780 3430 1009 3515 putavi
1036 3430 1193 3496 fore.

412 3529 627 3597 XIII.
675 3534 780 3598 37.
829 3532 1059 3599 Unum
1096 3539 1212 3614 est,
1254 3535 1426 3619 quod
1468 3532 1592 3599 tibi
1632 3554 1753 3619 ego
1794 3532 2157 3618 praecipere
2198 3554 2330 3598 non
2375 3531 2683 3611 desinam,

278 3655 489 3719 neque
540 3640 605 3701 te
649 3637 881 3721 patiar,
931 3641 1249 3719 quantum
1300 3637 1423 3702 erit
1472 3636 1542 3702 in
1596 3658 1721 3716 me,
1775 3658 1921 3702 cum
1979 3636 2352 3722 exceptione
2407 3635 2681 3712 laudari,

348 3788 428 3835 34.
466 3787 565 3836 For
576 3787 662 3837 the
677 3788 899 3838 Roman
878 3805 962 3853 jus
939 3789 1205 3840 stification
1217 3791 1275 3840 of
1283 3797 1427 3840 taxa·
1528 3788 1767 3851 instance,
1811 3788 1934 3853 they
1976 3788 2188 3838 coulds
2192 3787 2433 3838 ubstitute
2475 3787 2557 3838 for
2598 3788 2684 3838 the

276 3848 389 3900 tion
400 3851 557 3901 int-he
569 3852 841 3916 provinces,
863 3855 1177 3905 seethslccus
1187 3858 1425 3918 classicus,
1528 3855 1657 3904 n'the
1692 3869 1723 3903 a
1757 3854 1942 3904 certain
1976 3852 2256 3903 immediate
2298 3857 2552 3917 pa,yment
2590 3856 2678 3903 ad-

278 3914 495 3965 inthes
496 3918 647 3980 peech
677 3918 985 3978 ofCerealis,
1010 3919 1224 3970 TacUH
1249 3919 1427 3972 i.v74.
1528 3918 2261 3983 juausted,ofcorse,totbev
2229 3917 2677 3980 verageharvests;

348 3982 426 4029 35.
478 3984 693 4042 pactione
683 3983 917 4097 bucko(
938 3983 1025 4033 the
1078 4000 1277 4048 compac
1279 3991 1324 4033 ts
1377 4000 1433 4034 or
1528 3935 1652 4048 {hey
1677 3983 1841 4033 would
1872 3982 1989 4031 thus
2018 3989 2152 4045 geta
2174 3983 2354 4046 smedy
2381 3982 2524 4031 settle
2497 3998 2604 4031 eme
2607 3995 2678 4042 ιιι,

277 4053 585 4106 agreements
615 4049 758 4097 made
881 4064 1017 4098 ween
1054 4048 1210 4112 thep
1212 4049 1317 4098 ubli
1298 4049 1431 4098 xcani
1531 4001 1652 4098 andy
1657 4048 1823 4097 would
1850 4048 1912 4097 be
1942 4063 2028 4097 sav
1996 4048 2091 4096 ved
2119 4047 2248 4095 from
2279 4048 2363 4096 the
2462 4063 2642 4111 nnoya

275 4110 377 4158 and
427 4110 510 4160 the
558 4110 646 4160 inh
647 4112 863 4162 aibtants
916 4113 972 4162 of
1022 4114 1109 4163 the
1160 4114 1429 4189 province)
1531 4113 1587 4163 of
1607 4113 1694 4163 the
1714 4117 1942 4162 comunt
1961 4110 2188 4175 dunning
2211 4114 2414 4175 (βαφαὶ
2394 4063 2682 4174 atimosthg

279 4173 440 4224 These
468 4174 567 4224 had
597 4192 758 4240 espec1
741 4177 807 4226 ial
828 4179 1076 4228 reference
1098 4179 1256 4229 tothe
1279 4177 1428 4229 tithe-
1531 4184 1645 4228 tax·
1651 4178 1869 4227 far-mers.

274 4247 553 4314 payments,
588 4241 751 4290 which
781 4244 961 4302 would,
995 4244 1051 4292 of
1083 4258 1270 4304 course,
1305 4259 1430 4308 vary
1581 4244 1732 4306 sucu,
1759 4241 1840 4307 ut]
1909 4239 2264 4303 seeonEpJ
2231 4239 2321 4289 xii.
2348 4243 2428 4298 42,
2453 4244 2535 4291 45.

276 4302 767 4356 withtheharvest.
835 4307 1428 4358 Thotooeomaorn‘aoon-
1593 4306 1819 4371 abtim]
1885 4304 2249 4370 ‘emakgood.'

274 4366 444 4418 tained
471 4368 558 4419 the
586 4370 831 4421 condition
834 4388 956 4422 sno
990 4372 1155 4423 which
1185 4374 1271 4423 the
1300 4378 1427 4423 state
1594 4375 1676 4422 36.
1713 4370 1974 4435 cocietates]
2042 4386 2112 4420 sc.
2136 4368 2526 4433 publicanorum.

274 4434 625 4484 ravenuessho
627 4436 1104 4488 ueucldbeltotfr
1121 4438 1428 4488 thecurrcnt
1589 4437 1825 4500 eaquae]
1891 4435 2357 4498 Scenoteon§23.

271 4500 520 4558 luterum,-
553 4500 646 4549 but
673 4500 759 4550 the
787 4501 1082 4565 provincials
1101 4502 1265 4567 might
1284 4502 1427 4552 make
1593 4505 1672 4554 37.
1699 4517 1843 4549 eume
1844 4503 2082 4560 xoeffim
2097 4498 2367 4565 laud‘WJ‘
2381 4514 2509 4564 your
2519 4499 2679 4563 1²¹²*ine

270 4562 459 4626 special
479 4571 746 4617 covenants
766 4566 892 4617 with
912 4566 999 4617 the
1019 4583 1087 4630 pu
1054 4567 1302 4618 ublicani·
1346 4566 1427 4617 for
1525 4571 1579 4617 to
1598 4566 1663 4616 be
1686 4564 1957 4630 qualifled!
