3229 5145
490 463 622 529 242
1162 461 1309 527 ΕΡ.
1355 461 1674 528 XXVII.
1729 461 1963 547 (ATT.
2009 461 2115 527 II.
2160 462 2252 545 1.)

493 638 768 704 alterum
806 635 1040 703 tollas!
1129 635 1286 702 Non
1325 634 1681 716 consulare,
1721 635 1995 722 inquies,
2036 635 2320 701 dictum:
2367 632 2594 715 fateor,
2638 635 2751 701 sed
2787 655 2914 721 ego

487 741 675 808 illam
723 740 833 806 odi
881 740 1050 806 male
1095 737 1514 806 consularem.
1603 740 1709 804 Ea
1758 743 1855 805 est
1905 738 2082 805 enim
2130 740 2433 817 seditiosa,
2481 759 2552 802 ea
2595 760 2732 803 oum
2775 741 2913 804 viro

494 847 711 910 bellum
736 848 915 927 yet-it,
946 865 1154 929 neque
1184 842 1394 908 solum
1420 864 1569 908 cum
1597 840 1890 921 Metello,
1921 843 2033 908 sed
2068 842 2265 908 etiam
2294 863 2442 907 cum
2475 840 2702 922 Fabio,
2735 842 2914 928 qnod

492 969 600 1013 eos
643 947 717 1012 in
766 946 886 1014 hoc
934 968 1069 1012 esse
1113 944 1379 1011 moleste
1430 943 1578 1011 fert.
1672 946 1733 1011 6.
1782 945 1978 1018 Quod
2022 946 2105 1012 de
2149 945 2406 1033 agraria
2446 945 2590 1032 lege
2634 945 2912 1032 quaeris,

491 1071 646 1117 sane
672 1049 805 1115 iam
826 1049 1083 1115 videtur
1109 1048 1452 1115 refrixisse.
1546 1047 1744 1120 Quod
1771 1072 1876 1116 me
1905 1049 2186 1136 quodam
2214 1049 2408 1115 modo
2436 1049 2620 1115 molli
2648 1047 2913 1117 brachio

491 1154 575 1220 de
617 1153 913 1240 Pompeii
961 1151 1405 1219 familiaritate
1455 1150 1779 1240 obiurgas,
1831 1153 2036 1220 nolim
2086 1152 2183 1218 ita
2232 1151 2576 1231 existimes,
2627 1174 2732 1218 me
2780 1152 2915 1219 mei

488 1257 793 1345 praesidii
820 1279 1012 1323 causa
1037 1279 1184 1322 cum
1216 1255 1331 1322 illo
1360 1255 1774 1322 coniunctum
1803 1278 1958 1333 esse,
1988 1257 2101 1322 sed
2140 1256 2236 1321 ita
2275 1277 2378 1321 res
2416 1258 2556 1321 erat
2583 1254 2910 1336 instituta,

492 1364 589 1443 ut,
620 1360 677 1427 si
701 1361 875 1426 inter
902 1381 1022 1425 nos
1057 1363 1221 1425 esset
1254 1358 1474 1445 aliqua
1512 1358 1684 1426 forte
1720 1359 2049 1440 dissensio,
2078 1359 2396 1425 maximas
2432 1359 2506 1424 in
2542 1381 2613 1425 re
2651 1357 2917 1445 publica

493 1462 842 1531 discordias
867 1462 1109 1529 versari
1137 1465 1301 1528 esset
1336 1483 1608 1529 necesse.
1701 1462 1896 1535 Quod
1925 1486 1966 1529 a
1992 1484 2098 1529 me
2136 1463 2233 1528 ita
2269 1466 2688 1549 praecautum
2716 1465 2917 1549 atque

491 1568 589 1634 ita
615 1566 944 1654 provisum
975 1569 1090 1646 est,
1121 1586 1254 1630 non
1283 1569 1360 1630 ut
1386 1586 1510 1652 ego
1539 1566 1623 1632 de
1654 1566 1901 1652 optima
1926 1566 2044 1632 illa
2071 1588 2218 1632 mea
2243 1564 2494 1632 ratione
2528 1565 2914 1647 deciderem,

494 1671 607 1737 sed
645 1673 722 1735 ut
758 1669 871 1735 ille
909 1671 1074 1734 esset
1112 1668 1341 1734 melior
1379 1672 1444 1734 et
1482 1668 1736 1755 aliquid
1773 1670 1856 1736 de
1891 1669 2191 1757 populari
2227 1669 2490 1735 levitate
2528 1670 2914 1755 deponeret:

494 1795 688 1861 quem
739 1774 821 1839 de
865 1772 1027 1838 meis
1075 1769 1285 1851 rebus,
1330 1771 1403 1837 in
1453 1794 1616 1858 quas
1660 1790 1810 1839 eum
1850 1772 2046 1839 multi
2088 1773 2457 1852 incitarent,
2501 1772 2710 1839 multo
2753 1772 2916 1839 scito

492 1876 832 1964 gloriosius
869 1896 1066 1993 quam
1105 1875 1187 1941 de
1227 1874 1359 1941 suis
1400 1876 1789 1962 praedicare.
1880 1874 2021 1944 Sibi
2051 1875 2227 1942 enim
2259 1875 2424 1941 bene
2463 1879 2703 1962 gestae,
2748 1874 2918 1942 mihi

494 1983 903 2047 conservatae
930 1978 1024 2043 rei
1053 1961 1363 2097 publicae·
1382 1979 1498 2044 dat
1534 1979 1997 2046 testimonium.
2086 1977 2240 2045 Hoc
2276 1978 2488 2045 facere
2523 1979 2711 2045 illum
2748 1978 2918 2045 mihi

495 2104 691 2170 quam
741 2081 943 2169 prosit
991 2081 1222 2162 nescio,
1274 2081 1369 2147 rei
1411 2080 1710 2169 publicae
1759 2086 1929 2149 certe
1977 2083 2257 2170 prodest.
2365 2081 2546 2154 Quid
2601 2082 2658 2147 si
2715 2083 2918 2150 etiam

496 2186 852 2267 Caesarem,
903 2185 1084 2250 cuius
1130 2207 1302 2251 nunc
1347 2186 1527 2251 venti
1563 2186 1756 2253 valde
1802 2190 1956 2252 sunt
1999 2185 2284 2266 secundi,
2325 2185 2524 2251 reddo
2561 2185 2915 2267 meliorem,

500 2311 660 2355 num
698 2293 958 2355 tantum
999 2285 1228 2354 obsum
1264 2288 1359 2354 rei
1394 2288 1691 2376 publicae
1707 2290 1741 2355 Ρ
1828 2292 1890 2355 7.
1938 2288 2120 2361 Quin
2157 2288 2375 2368 etiam,
2417 2288 2471 2353 si
2515 2287 2680 2354 mihi
2723 2311 2917 2357 nemo

496 2392 834 2472 invideret,
879 2392 935 2457 si
977 2413 1216 2471 omnes,
1261 2396 1338 2458 ut
1380 2395 1521 2459 erat
1559 2414 1859 2479 aequum,
1900 2392 2217 2473 faverent,
2257 2395 2479 2458 tamen
2518 2414 2651 2457 non
2697 2393 2920 2460 minus

495 2500 660 2564 esset
697 2495 1030 2583 probanda
1070 2495 1408 2577 medicina,
1454 2518 1619 2584 quae
1664 2500 1920 2562 sanaret
1955 2495 2219 2561 vitiosas
2247 2499 2463 2582 partes
2492 2495 2589 2560 rei
2620 2495 2919 2583 publicae

499 2623 697 2689 quam
741 2623 907 2687 quae
949 2604 1290 2666 exsecaret.
1379 2600 1578 2667 Nunc
1606 2623 1778 2682 vero,
1821 2622 1970 2667 cum
2011 2600 2340 2686 equitatus
2382 2599 2513 2679 ille,
2560 2622 2753 2685 quem
2792 2623 2916 2690 ego

493 2803 590 2851 pro
611 2789 749 2838 Hur.
776 2787 856 2848 72,
883 2788 1042 2862 qnod
1038 2792 1236 2850 tempus
1263 2786 1409 2837 fuit.
1506 2803 1657 2852 .quo
1755 2786 1915 2838 above
1933 2808 1977 2829 =
2002 2786 2119 2837 ‘the
2141 2802 2289 2837 cause
2310 2785 2367 2836 of
2384 2785 2471 2836 the
2493 2788 2781 2847 optimates)

503 2854 625 2903 haec
647 2853 753 2902 sive
773 2851 978 2902 ambitio
1003 2851 1109 2901 sive
1135 2851 1402 2901 liberalitas
1422 2867 1524 2904 ιιοιι
1544 2852 1655 2902 fue·
1812 2853 2044 2913 populari
2100 2851 2313 2926 levitate]
2415 2850 2533 2900 ‘his
2587 2851 2916 2918 timeserving

502 2919 586 2978 rit,
613 2924 670 2993 ιιι
690 2917 827 2967 locus
848 2923 900 2966 et
924 2916 979 2965 in
1009 2915 1138 2966 circo
1163 2921 1215 2966 et
1242 2916 1298 2965 in
1321 2916 1433 2967 foro
1458 2918 1659 2968 daretur
1756 2917 2122 2968 abandonment
2153 2918 2211 2966 of
2236 2916 2429 2979 prmcip
2397 2915 2517 2978 ple.’

501 2982 675 3033 amicis
696 2987 746 3031 et
767 2980 1070 3030 tribulibus?
1821 2985 1956 3031 ouius
1987 2997 2113 3030 nuno
2144 2979 2299 3070 venti]
2372 2980 2518 3030 ‘who
2549 2979 2641 3031 has
2669 2981 2758 3033 the
2779 2982 2919 3033 vind

570 3048 684 3095 Non
714 3044 978 3119 consulare]
1048 3044 1349 3110 ‘unworthy
1384 3045 1441 3095 of
1470 3060 1503 3096 a
1536 3061 1656 3097 con·
1756 3045 1812 3095 in
1839 3046 1919 3096 his
1948 3045 2066 3096 sails
2094 3046 2248 3096 now!
2317 3045 2527 3095 Abeken
2554 3046 2783 3097 observes
2803 3046 2920 3098 that

503 3110 621 3161 sul!
712 3109 857 3159 Even
897 3110 998 3185 this
1043 3111 1218 3173 degree
1259 3109 1316 3160 of
1368 3111 1660 3161 refinement
1755 3109 1895 3160 this
1880 3127 1924 3161 is
1944 3110 2031 3188 the
2053 3110 2160 3160 first
2181 3110 2402 3161 mention
2417 3110 2472 3159 of
2487 3109 2573 3161 the
2589 3116 2729 3175 great
2744 3111 2919 3162 Julius

505 3176 670 3225 shows
704 3173 920 3225 Cicero·
904 3190 959 3223 ιιι
991 3175 1209 3224 advance
1241 3174 1298 3224 of
1327 3174 1407 3223 his
1440 3191 1548 3240 age.
1759 3175 1981 3225 Caesar
1964 3192 2020 3225 ιιι
2052 3175 2137 3225 the
2168 3174 2356 3225 letters.
2424 3175 2518 3225 It
2500 3191 2546 3224 ιιι
2575 3181 2662 3226 not
2688 3175 2776 3226 the
2807 3176 2921 3228 first

572 3242 692 3289 molo
702 3238 1035 3328 consularem]
1107 3241 1120 3265 ‘
1139 3254 1194 3288 so
1229 3239 1497 3304 unworthy
1533 3239 1589 3289 of
1627 3256 1660 3290 a
1757 3239 1993 3299 mention,
2031 3240 2113 3290 for
2146 3239 2209 3290 he
2253 3239 2297 3289 is
2341 3239 2498 3290 above
2542 3240 2733 3304 spoken
2769 3240 2827 3291 of
2861 3244 2918 3292 in

504 3303 716 3364 consul?
746 3302 975 3379 especiall
1039 3319 1069 3353 a
1095 3304 1267 3353 consul
1295 3304 1460 3355 whom
1487 3303 1659 3356 Cicero
1757 3305 2035 3355 connexion
2081 3304 2206 3355 with
2259 3304 2345 3355 the
2400 3305 2608 3355 clodian
2660 3305 2919 3381 sacrilege,

506 3368 727 3420 admired
747 3370 846 3418 and
869 3367 941 3417 lik
1756 3370 1856 3419 and
1884 3386 1938 3420 as
1973 3369 2267 3445 meditating
2295 3386 2327 3419 a
2358 3369 2596 3420 coalition
2628 3369 2752 3421 with
2783 3370 2918 3422 Luc·

573 3432 817 3510 seditiosa]
886 3437 946 3482 ‘a
966 3432 1164 3493 shrewss
1189 3448 1221 3482 a
1240 3448 1330 3482 vox
1342 3436 1551 3496 propria
1577 3434 1661 3484 for
1757 3434 1908 3484 ceius.
1980 3434 2032 3484 It
2065 3434 2124 3495 is,
2157 3433 2403 3493 however,
2433 3434 2519 3484 the
2545 3435 2654 3510 first
2679 3434 2918 3486 criticism

508 3496 840 3549 matrimonial
870 3497 1001 3561 jars·
1039 3496 1108 3547 cf.
1144 3496 1256 3548 Ter.
1289 3499 1388 3547 An.
1415 3514 1466 3548 v.
1496 3502 1540 3560 1,
1580 3502 1659 3561 11,
1757 3499 1813 3548 of
1841 3498 1922 3548 his
1943 3499 2164 3563 political
2190 3498 2421 3562 position,
2449 3501 2548 3549 and
2568 3499 2612 3551 it
2631 3499 2676 3550 is
2697 3501 2919 3551 remark·

494 3566 663 3628 fllium
686 3569 741 3611 ut
762 3565 923 3611 darem
956 3565 1009 3610 in
1041 3564 1313 3611 seditionem
1342 3570 1483 3626 atquo
1503 3580 1559 3612 m
1579 3566 1659 3612 in-
1757 3563 1869 3613 able
1892 3564 2001 3613 that
2017 3563 2156 3614 these
2172 3563 2350 3613 should
2363 3564 2424 3613 be
2439 3565 2602 3614 words
2623 3580 2679 3615 so
2700 3565 2919 3617 suitable

507 3635 657 3678 certae
677 3630 889 3688 nuptia-s.
926 3626 1048 3676 This
1063 3626 1264 3677 Clodia
1248 3643 1292 3677 is
1308 3626 1434 3678 the‘
1447 3627 1655 3678 Lesbia’
1757 3627 1840 3677 for
1859 3627 1945 3679 the
1965 3628 2301 3678 introduction
2330 3628 2386 3679 of
2414 3628 2515 3678 this
2545 3635 2686 3692 great
2706 3636 2845 3680 actor
2864 3637 2920 3680 to

506 3693 563 3743 of
583 3692 825 3743 Catullus.
884 3692 998 3740 Ea.
1104 3691 1289 3754 qeritis
1306 3691 1503 3742 acomic
1518 3709 1658 3743 sena·
1757 3692 1844 3743 the
1867 3699 2005 3758 stage
2026 3693 2082 3742 of
2102 3693 2314 3769 politics.
2376 3693 2455 3743 Cf.
2477 3693 2616 3743 Fam.
2642 3693 2733 3743 xii.
2755 3696 2837 3752 25,
2865 3697 2913 3758 6,

509 3758 643 3818 rius;
669 3756 908 3820 probably
921 3772 951 3804 a
965 3772 1102 3805 verse
1118 3757 1246 3806 from
1262 3772 1394 3807 some
1411 3758 1507 3807 lost
1524 3765 1655 3822 poet.
1758 3758 2044 3833 quicunque
2078 3757 2216 3808 venti
2253 3764 2413 3817 erunt,
2454 3774 2535 3807 ars
2579 3764 2746 3809 nostra
2783 3733 2919 3810 certe

573 3821 744 3885 Fabio]
806 3820 1047 3886 probably
1067 3837 1098 3870 a
1118 3821 1255 3872 lover
1274 3822 1330 3870 of
1352 3822 1538 3873 Clodia.
1757 3837 1860 3871 non
1891 3822 2065 3872 aberit.

574 3890 630 3935 in
649 3887 734 3934 Ιιοο
753 3884 871 3951 eoae]
937 3901 1004 3935 sc.
1030 3887 1114 3934 Ιιοο
1145 3902 1294 3948 aqere,
1322 3903 1511 3947 operam
1544 3888 1660 3936 dare
1826 3887 1872 3939 7.
1909 3889 2159 3948 medicina,
2184 3903 2303 3962 quae
2324 3886 2542 3954 sanaret]
2600 3886 2692 3937 See
2714 3903 2779 3936 on
2803 3889 2911 3938 Διῒ.

505 3968 565 4001 m
592 3953 778 4001 Clodius
802 3951 915 3999 trib.
934 3951 1230 4013 ploln'sflat:
1256 3950 1323 3999 cf.
1348 3951 1472 4000 Hor.
1494 3951 1587 4014 Ep.
1614 3951 1654 4001 i.
1757 3949 1794 4000 i.
1826 3954 1901 4011 18,
1929 3955 1977 4001 2.
2047 3951 2169 4003 This
2205 3951 2326 4000 mild
2353 3953 2519 4002 remed
2585 3952 2629 4002 is
2661 3953 2918 4003 described

513 4020 558 4079 1,
590 4020 666 4076 11,
686 4018 837 4064 omnio
857 4017 910 4063 in
932 4016 1015 4063 Ιιοο
1036 4031 1153 4063 eum.
1210 4014 1369 4065 This
1355 4031 1397 4065 is
1417 4015 1657 4066 theread·
1757 4016 1952 4076 below;
2001 4014 2045 4066 it
2076 4016 2121 4066 is
2155 4016 2342 4082 merely
2376 4022 2429 4067 ιο
2540 4024 2620 4067 ect
2662 4023 2717 4066 ut
2759 4019 2918 4067 nolant

507 4080 598 4144 ing
619 4079 673 4130 of
695 4079 852 4140 Med„
872 4079 1037 4129 which
1060 4078 1186 4129 Boot
1206 4078 1296 4129 has
1318 4082 1535 4131 restored
1558 4080 1659 4131 and
1757 4081 1906 4131 obesse
1937 4082 2023 4143 qui
2045 4089 2264 4143 possunt.

505 4144 787 4208 explained.
1820 4145 2083 4211 equitatus]
2169 4145 2329 4196 These
2371 4162 2454 4196 are
2497 4145 2615 4196 here
2658 4161 2714 4197 so
2756 4146 2918 4198 called

572 4212 620 4259 6.
655 4206 928 4273 refrixisse]
999 4211 1082 4257 ‘to
1104 4208 1232 4258 have
1231 4207 1392 4296 hung
1412 4207 1535 4259 fire?
1756 4211 1950 4260 instead
1976 4210 2033 4260 of
2060 4210 2268 4276 equites,
2307 4211 2377 4286 by
2409 4227 2442 4261 a
2475 4210 2731 4273 metaphor
2761 4211 2918 4263 taken

571 4275 706 4323 molli
735 4271 949 4349 brachio]
1016 4271 1280 4338 ‘':gently
1317 4273 1385 4323 cf.
1418 4275 1509 4323 levi
1541 4274 1655 4324 bra-
1755 4273 1887 4325 from
1940 4274 2163 4352 military
2204 4275 2408 4326 service.
2499 4276 2565 4326 So
2619 4278 2912 4341 collocaram,

505 4340 629 4397 cloio,
653 4337 799 4388 Att.
781 4353 852 4388 iv.
883 4341 961 4396 16,
985 4340 1033 4386 6.
1757 4341 2002 4415 donym,
2057 4343 2295 4401 principe.
2389 4339 2560 4390 Cicero
2613 4340 2773 4391 called
2826 4315 2917 4420 the

572 4406 646 4451 sta
665 4419 740 4451 ros
760 4408 865 4451 erat
887 4404 1130 4465 instituta,
1157 4400 1237 4467 ut]
1307 4401 1421 4453 ‘the
1441 4401 1659 4467 position
1756 4404 1949 4467 equites
1985 4404 2093 4454 into
2127 4405 2323 4455 council
2363 4404 2488 4455 with
2525 4404 2613 4455 the
2653 4412 2824 4457 senate
2861 4406 2916 4456 in

506 4468 565 4518 of
580 4466 785 4516 affairs
770 4482 814 4516 is
835 4466 958 4516 such
978 4465 1122 4515 that!
1756 4468 1844 4519 the
1897 4469 2080 4532 temple
2127 4469 2183 4519 of
2227 4469 2450 4521 Concord
2502 4485 2571 4520 on
2622 4469 2710 4522 the
2766 4471 2917 4536 Capi·

571 4530 779 4596 ratione]
862 4530 1119 4595 ‘policy’·
1179 4530 1247 4581 cf.
1294 4533 1477 4593 optuma
1516 4547 1660 4583 causa
1756 4533 1912 4584 toline
1942 4533 2053 4585 hill.
