3229 5145
1359 891 1955 992 LECTORI
2049 891 2138 991 S.

1587 1161 1932 1193 ——4——

552 1352 883 1403 Hrsroanu
933 1345 1302 1418 Epistularum
1351 1344 1611 1400 criticam
1658 1345 1900 1400 tractavi
1945 1363 2109 1416 supra
2155 1344 2217 1399 in
2267 1344 2478 1400 Introd.
2517 1344 2640 1410 iii.;
2695 1345 2970 1401 assentior

554 1451 754 1507 Orellio
794 1451 954 1522 longe
992 1450 1251 1522 optimam
1288 1467 1403 1505 esse
1444 1451 1830 1505 auctoritatem
1870 1448 2068 1505 codicis
2109 1448 2342 1504 Medicei
2379 1448 2699 1504 declar-anti.
2792 1449 2964 1504 Cuius

552 1560 670 1611 tam
714 1554 1026 1610 luculentae
1064 1553 1133 1609 de
1173 1553 1276 1609 hac
1316 1571 1376 1607 re
1414 1552 1791 1608 dissertationi
1837 1552 1984 1625 quod
2029 1571 2203 1625 nuper
2249 1554 2694 1622 (Emendationes
2732 1555 2963 1607 Alter-ae

555 1659 954 1730 ncccnxxm)
1024 1658 1340 1728 refragatus
1429 1657 1503 1712 sit
1572 1657 1641 1713 D.
1712 1656 1976 1712 Albertus
2048 1657 2338 1712 Sadolinus
2407 1657 2765 1728 Wesenberg,
2834 1657 2968 1712 huie

556 1764 829 1836 praesenti
888 1762 1047 1836 quasi
1105 1761 1287 1817 restiti
1353 1762 1467 1834 qui,
1550 1760 1973 1830 argumentandi
2019 1761 2171 1818 viam
2231 1762 2301 1816 ab
2361 1761 2476 1833 ipso
2520 1761 2821 1817 indicatam
2879 1779 2968 1817 se-

558 1872 739 1935 cutus,
815 1855 1024 1922 codices
1088 1866 1465 1922 Antonianum
1537 1870 1593 1921 et
1665 1865 2002 1920 Faerninum
2071 1864 2312 1921 Mediceo
2383 1865 2780 1937 posthabendos
2850 1883 2970 1921 esse

558 1971 850 2027 docuerim.

667 2074 885 2130 Codices
932 2076 1194 2130 Bosianos
1253 2074 1455 2147 quibus
1502 2074 1744 2129 Orellius
1789 2074 2141 2146 aliquatenus
2186 2074 2460 2129 subnixus
2511 2082 2593 2129 est
2639 2073 2795 2129 fictos
2855 2091 2970 2129 esse

560 2178 956 2236 demonstravit
991 2179 1290 2251 Hauptius.
1365 2178 1515 2238 Quid
1548 2179 1725 2249 igitur
1746 2182 1923 2233 restat
1949 2179 2012 2232 in
2043 2178 2238 2234 ceteris
2268 2178 2544 2234 codicibus
2583 2178 2929 2234 auctoritatis
2945 2179 2972 2232 ’ἓ

560 2279 710 2335 Huic
762 2279 1182 2351 interrogationi
1229 2297 1402 2351 nuper
1449 2278 1558 2333 duo
1592 2278 1704 2333 viri
1750 2276 1896 2333 doefi
1940 2277 2284 2350 praeclarum
2316 2296 2634 2350 responsum
2680 2277 2969 2332 dederunt.

561 2385 656 2440 Fr.
700 2384 853 2439 Riihl
890 2384 1111 2456 (Rhein.
1158 2384 1303 2438 Mus.
1349 2401 1512 2451 xxx„
1561 2384 1728 2454 1875)
1768 2381 1905 2438 duos
1952 2382 2160 2439 codices
2198 2383 2539 2451 Har-lemos,
2590 2383 2650 2438 C.
2695 2382 2976 2438 Thuretus

563 2488 962 2562 (Bibliotheque
986 2489 1050 2548 de
1076 2488 1254 2542 Pecole
1287 2488 1378 2542 des
1405 2487 1591 2543 kautes
1616 2487 1814 2556 studes,
1839 2489 2040 2557 fascic.
2072 2490 2215 2554 Hm,
2248 2488 2406 2559 1874)
2431 2486 2665 2542 codicem
2690 2487 2974 2542 Turonen-

565 2612 677 2649 sem
724 2611 900 2666 nuper
941 2594 1002 2647 in
1038 2592 1219 2649 lucem
1266 2593 1654 2665 protulerunt;
1701 2593 1796 2665 qui
1841 2593 1989 2661 libri,
2038 2597 2106 2648 ut
2148 2593 2246 2665 qui
2293 2610 2328 2646 a
2365 2592 2607 2647 Mediceo
2646 2592 2800 2647 fonte
2851 2594 2967 2648 sine

568 2698 736 2754 dubio
770 2716 882 2753 non
914 2698 1197 2766 fluxerint,
1238 2697 1298 2751 in
1323 2697 1567 2769 epistolis
1601 2697 1945 2752 recensendis
1978 2714 2088 2752 non
2121 2697 2279 2769 parvi
2314 2696 2573 2752 momenti
2611 2696 2788 2751 futuri
2826 2703 2972 2751 sunt.

566 2803 798 2859 Thur-eti
841 2803 1180 2858 collationem
1224 2802 1552 2857 Turonensis
1607 2806 1664 2857 et
1699 2800 1921 2855 Purseri
1955 2801 2063 2854 mei
2101 2799 2526 2856 Harleianorum
2582 2799 2828 2856 codicum
2864 2801 2972 2856 col-

566 2907 827 2963 lationem
850 2908 913 2962 in
936 2906 1147 2962 Introd.
1175 2911 1232 2962 et
1256 2906 1430 2961 Praef.
1459 2905 1697 2961 strictim
1719 2905 1918 2976 attigi3
1955 2905 2018 2960 in
2041 2904 2249 2960 Introd.
2277 2905 2348 2959 ad
2372 2904 2497 2960 Vol.
2523 2906 2604 2960 ΙΙ.
2632 2912 2761 2962 κατὰ
2789 2910 2974 2961 λεπτὸν

571 3011 890 3067 describam.

674 3115 756 3170 De
791 3115 1054 3187 Epistolis
1095 3114 1244 3187 ipsis,
1284 3118 1341 3169 et
1379 3113 1447 3168 de
1488 3115 1654 3169 rebus
1689 3118 1746 3169 et
1780 3113 2091 3169 hominibus
2126 3113 2327 3186 quibus
2360 3114 2459 3168 has
2495 3113 2797 3183 singulares
2831 3111 2976 3165 anti-

572 3220 802 3291 quitatis
836 3218 1119 3291 relh'quias
1153 3218 1428 3285 debemus,
1468 3218 1528 3272 in
1562 3218 1774 3273 Introd.
1802 3219 1862 3273 ii.
1890 3224 1917 3287 §
1944 3222 1993 3287 1,
2029 3220 2269 3274 breviter
2304 3218 2570 3285 disserui3
2622 3223 2679 3273 et
2713 3235 2837 3272 eum
2873 3233 2978 3287 quo

572 3324 650 3377 M.
686 3323 901 3377 Tullius
934 3342 1069 3379 usus
1111 3327 1195 3378 est
1231 3323 1292 3377 in
1333 3323 1600 3395 Epistolis
1639 3341 1934 3378 sermonem
1976 3324 2037 3377 in
2073 3323 2283 3379 Introd.
2323 3323 2383 3378 ii.
2423 3327 2450 3391 §
2487 3327 2538 3391 2,
2578 3322 2762 3394 paullo
2800 3321 2976 3375 fusius

573 3427 873 3482 illustravi.

683 3531 943 3602 Sequitur
990 3530 1082 3586 hic
1132 3530 1504 3602 Epistolarum
1551 3532 1867 3603 Apparatus
1909 3532 2162 3601 criticus,
2217 3532 2278 3586 in
2332 3550 2439 3605 quo
2490 3529 2840 3603 comparando
2875 3528 2978 3583 hoc

574 3635 916 3707 potissimum
973 3636 1079 3706 egi,
1144 3641 1212 3690 ut
1262 3654 1387 3691 cum
1446 3654 1517 3690 ex
1563 3636 1774 3690 Baiteri
1833 3636 2118 3692 collatione
2166 3635 2435 3691 Mediceas
2494 3641 2551 3691 et
2599 3632 2984 3690 Cratandrinas

578 3742 800 3811 (paucas
849 3738 951 3793 has
998 3739 1239 3811 quidem)
1300 3739 1556 3795 lectiones
1617 3740 2011 3811 prompsissem,
2073 3741 2162 3795 his
2219 3740 2654 3810 probatissimam
2712 3754 2984 3810 quamque

576 3861 764 3898 eorum
806 3844 904 3914 qui
945 3848 1067 3914 post
1108 3844 1392 3899 Baiterum
1435 3844 1772 3915 seripserunt
1811 3846 2121 3900 criticorum
2169 3845 2551 3900 correctionem
2597 3842 2879 3909 adicerem,
2932 3846 2990 3896 et

579 3947 787 4002 codices
831 3947 1197 4002 Turonensem
1239 3951 1296 4002 et
1334 3947 1659 4003 Harleianos
1705 3949 1890 4004 textui
1935 3949 2264 4020 opitulatum
2312 3949 2680 4003 adsciscerem.
2777 3946 2993 4006 Quibus

577 4052 850 4107 instructa
897 4070 1048 4123 spero
1094 4052 1211 4107 fore
1257 4056 1324 4107 ut
1370 4052 1505 4107 haee
1553 4052 1747 4108 saltem
1793 4053 1901 4108 mei
1948 4053 2124 4125 operis
2169 4071 2295 4124 pars
2335 4053 2396 4107 in
2430 4052 2672 4108 virorum
2713 4051 2995 4107 doctorum

579 4173 774 4210 manus
808 4173 918 4210 non
952 4156 1174 4227 ingrata
1211 4156 1412 4213 veniat.
1490 4157 1720 4212 Dublini
1757 4158 1826 4211 D.
1866 4158 1988 4211 Kal.
2028 4158 2156 4213 Dec.
2193 4171 2650 4213 mscccmxxmt.
