3229 5145
557 402 683 467 160
1176 400 1323 465 ΕΡ.
1370 399 1543 464 XII.
1597 399 1757 485 (DE
1796 399 2002 464 PET.
2057 396 2343 483 CONS.)

553 596 663 640 ma
695 571 860 639 ratio
901 595 973 639 ac
1003 572 1345 659 diligentia
1371 572 1655 659 petendi.
1745 573 1847 638 Ac
1874 577 2093 638 tamen
2130 592 2350 638 eorum
2392 570 2669 637 alterum
2699 569 2960 636 Caelius

553 700 701 743 cum
743 676 953 742 multo
997 676 1265 742 inferior
1304 680 1466 742 esset
1504 698 1759 763 genere,
1806 675 2091 762 superior
2139 675 2324 741 nulla
2360 697 2430 740 re
2468 696 2691 761 paene,
2739 695 2960 760 super-

554 781 711 847 avit.
802 781 906 846 12.
955 780 1105 852 Qua
1140 802 1211 845 re
1247 778 1390 860 tibi,
1421 780 1477 845 si
1516 779 1712 845 facies
1750 802 1845 859 ea,
1876 801 2042 865 quae
2080 781 2315 844 natura
2352 782 2418 844 et
2457 777 2695 855 studia,
2726 776 2962 863 quibus

554 905 804 971 semper
830 906 983 950 usus
1012 905 1096 963 es,
1124 883 1513 971 largiuntur,
1546 904 1710 968 quae
1738 883 2043 969 temporis
2078 882 2181 948 tui
2218 882 2385 948 ratio
2424 881 2763 960 desiderat,
2795 903 2963 966 quae

551 992 754 1073 potes,
785 1010 950 1073 quae
972 986 1184 1064 debes,
1203 1008 1334 1052 non
1365 987 1488 1052 erit
1517 986 1775 1052 difficile
1804 991 2127 1053 certamen
2149 1008 2294 1051 cum
2315 986 2396 1051 iis
2417 983 2960 1070 competitoribus,

553 1089 669 1175 qui
696 1112 1105 1176 nequaquam
1133 1094 1285 1155 sunt
1306 1095 1442 1155 tam
1463 1112 1699 1177 genere
1719 1090 2006 1176 insignes
2035 1111 2230 1174 quam
2251 1088 2428 1154 vitiis
2449 1087 2715 1153 nobiles.
2793 1087 2962 1159 Quis

554 1194 729 1261 enim
749 1194 1013 1280 reperiri
1041 1197 1251 1279 potest
1279 1197 1415 1258 tam
1437 1191 1768 1279 improbus
1796 1193 1953 1258 civis
1982 1193 2097 1279 qui
2118 1192 2276 1257 velit
2297 1213 2428 1257 uno
2458 1190 2770 1278 suffragio
2798 1191 2964 1256 duas

553 1296 626 1362 in
656 1319 795 1362 rem
821 1295 1147 1383 publicam
1179 1295 1337 1361 sicas
1367 1296 1763 1382 destringere
1782 1297 1815 1361 P

684 1399 808 1467 IV.
860 1401 962 1465 13.
1012 1399 1337 1471 Quoniam
1389 1422 1551 1485 quae
1603 1398 1890 1465 subsidia
1938 1398 2247 1465 novitatis
2297 1396 2562 1464 haberes
2606 1402 2671 1464 et
2723 1395 2961 1462 habere

549 1525 765 1590 posses
796 1504 1082 1590 exposui,
1112 1525 1286 1568 nunc
1327 1504 1408 1569 de
1446 1502 1902 1589 magnitudine
1941 1501 2271 1589 petitionis
2308 1502 2652 1567 dicendum
2679 1501 2957 1566 videtur.

552 1607 976 1673 Consulatum
1003 1606 1189 1693 petis,
1229 1628 1358 1692 quo
1386 1605 1627 1672 honore
1660 1627 1851 1671 nemo
1881 1609 1977 1671 est
2006 1605 2164 1690 quin
2192 1608 2258 1671 te
2287 1605 2560 1689 dignum
2591 1603 2960 1683 arbitretur,

550 1711 665 1777 sed
692 1710 885 1777 multi
915 1710 1028 1795 qui
1064 1709 1418 1775 invideant.
1508 1708 1690 1776 Petis
1725 1709 1900 1775 enim
1938 1707 2130 1775 homo
2170 1731 2252 1773 ex
2289 1708 2567 1793 equestri
2605 1708 2744 1774 loco
2783 1728 2961 1772 sum-

548 1837 731 1881 mum
767 1814 982 1880 locum
1022 1812 1301 1879 civitatis
1340 1816 1537 1897 atque
1574 1813 1670 1878 ita
1713 1835 2058 1892 summum,
2088 1816 2162 1876 ut
2197 1811 2350 1877 forti
2387 1810 2655 1884 homini,
2699 1810 2958 1890 diserto,

548 1917 881 1984 innocenti
929 1917 1137 1981 multo
1188 1916 1363 1981 idem
1409 1916 1521 1981 ille
1569 1914 1776 1981 honos
1817 1916 1964 2000 plus
2008 1915 2454 2001 amplitudinis
2495 1937 2693 2000 quam
2735 1914 2962 1980 ceteris

551 2021 822 2087 adferat.
911 2019 1070 2086 Noli
1109 2024 1337 2105 putare
1377 2040 1503 2099 eos,
1541 2018 1657 2105 qui
1695 2023 1849 2085 sunt
1887 2040 1962 2084 eo
2000 2017 2242 2084 honore
2273 2019 2394 2098 usi,
2431 2039 2564 2083 non
2592 2018 2829 2098 videre,
2860 2022 2959 2097 tu,

550 2147 697 2190 cum
736 2124 911 2189 idem
949 2123 1034 2188 sis
1071 2123 1383 2208 adeptus„
1404 2122 1565 2207 quid
1606 2121 1946 2209 dignitatis
1983 2120 2322 2187 habiturus
2360 2120 2464 2200 sis,
2501 2143 2609 2185 eos
2635 2142 2804 2200 vero,
2845 2121 2963 2205 qui

549 2226 988 2293 consularibus
1047 2225 1312 2291 familiis
1370 2226 1511 2291 nati
1566 2226 1780 2291 locum
1838 2225 2156 2290 maiorum
2220 2225 2539 2290 consecuti
2595 2246 2728 2289 non
2785 2231 2960 2304 sunt,

551 2330 835 2417 suspicor
880 2328 1023 2409 tibi,
1077 2329 1204 2395 nisi
1256 2330 1313 2394 si
1358 2329 1475 2414 qui
1523 2329 1872 2395 admodum
1920 2334 1986 2393 te
2036 2331 2277 2407 amant,
2337 2326 2642 2392 invidere.
2732 2326 2960 2392 Etiam

550 2455 749 2526 novos
793 2432 1084 2498 homines
1130 2434 1480 2519 praetorios
1529 2432 1846 2516 existimO,
1899 2430 2025 2496 nisi
2071 2431 2187 2515 qui
2235 2435 2350 2497 tuo
2400 2428 2708 2496 beneficio
2757 2430 2962 2496 vincti

549 2543 724 2617 sunt,
750 2533 941 2603 ⁴nolle
984 2536 1099 2603 abs
1137 2542 1202 2603 te
1244 2558 1312 2602 se
1349 2535 1590 2612 honore
1633 2534 1938 2623 superari.
2033 2534 2134 2600 14.
2183 2532 2330 2600 Iam
2372 2533 2443 2599 in
2485 2533 2723 2620 populo
2763 2556 2962 2620 quam

549 2641 743 2707 multi
788 2640 999 2707 invidi
1044 2640 1195 2720 sint,
1243 2662 1441 2726 quam
1490 2639 1687 2705 multi
1736 2638 2196 2705 consuetudine
2237 2636 2469 2703 horum
2514 2660 2831 2704 annorum
2875 2638 2960 2705 ab

547 2742 918 2809 hominibus
955 2744 1139 2809 novis
1178 2743 1464 2822 alienati,
1500 2743 1721 2808 venire
1758 2741 1882 2808 tibi
1920 2743 1992 2807 in
2029 2745 2313 2808 mentem
2348 2746 2520 2807 certo
2558 2742 2706 2807 scio.
2796 2741 2961 2808 Esse

551 2846 748 2912 etiam
775 2869 908 2912 non
946 2846 1159 2912 nullos
1197 2844 1321 2911 tibi
1357 2846 1574 2925 iratos,
1606 2869 1689 2911 ex
1725 2845 1808 2911 iis
1846 2846 2070 2926 causis,
2100 2868 2261 2931 quas
2298 2845 2508 2931 egisti,
2550 2865 2799 2910 necesse
2839 2851 2957 2911 est.

551 2949 699 3016 Iam
728 2949 894 3015 illud
922 2953 1063 3015 tute
1094 2949 1579 3035 circumspicito,
1609 2950 1786 3035 quod
1813 2950 1899 3014 ad
1928 2947 2046 3015 Cn.
2078 2948 2373 3035 Pompeii
2402 2948 2677 3035 gloriam
2714 2971 2962 3036 augen-

551 3054 706 3118 dam
743 3056 929 3119 tanto
967 3052 1180 3118 studio
1217 3056 1286 3116 te
1324 3052 1576 3132 dedisti,
1610 3074 1771 3118 num
1809 3075 1968 3139 quos
2005 3052 2128 3119 tibi
2166 3057 2355 3138 putes
2394 3052 2477 3118 ob
2516 3074 2660 3118 eam
2699 3075 2958 3119 causam

551 3179 685 3223 esse
723 3156 977 3223 amicos.
1069 3156 1172 3220 15.
1221 3154 1438 3226 Quam
1477 3154 1560 3222 ob
1594 3178 1735 3222 rem
1771 3178 1919 3223 cum
1957 3160 2024 3222 et
2062 3178 2388 3222 summum
2425 3155 2639 3221 locum
2682 3155 2965 3223 civitatis

623 3328 700 3375 12.
736 3327 858 3375 duae
887 3325 943 3374 in
967 3340 1067 3373 rem
1087 3324 1338 3386 publicam
1369 3324 1517 3389 sicas]
1580 3322 1705 3374 This
1805 3340 1897 3374 nec
1927 3325 2173 3374 scribenda
2199 3331 2312 3373 eunt
2327 3340 2351 3383 ‚·
2385 3340 2439 3373 so
2467 3324 2608 3373 Fam.
2634 3322 2671 3374 i.
2699 3327 2746 3388 9,
2775 3325 2820 3387 7,
2851 3330 2961 3377 tota

552 3388 786 3454 vigemus
821 3388 1107 3453 expression
1135 3404 1240 3440 was
1271 3390 1484 3452 adopwd
1516 3389 1587 3455 by
1620 3388 1703 3438 ci·
1804 3405 1924 3439 vero
1960 3389 2281 3453 interrogatio
2323 3405 2435 3439 mea
2477 3389 2607 3438 nihil
2647 3389 2823 3439 habuit
2859 3389 2961 3439 nisi

551 3470 666 3505 cero
703 3453 759 3504 in
795 3454 875 3504 his
909 3454 1122 3503 election
1163 3453 1373 3517 speech:
1422 3456 1509 3516 qui
1535 3461 1706 3515 postea
1805 3454 2233 3519 reprehensionem
2265 3453 2403 3502 illius
2430 3454 2743 3516 tribunatum
2779 3454 2835 3504 in
2867 3472 2960 3517 quo

553 3536 698 3583 quam
721 3521 804 3568 illo
833 3526 888 3568 ut
918 3520 1076 3567 conati
1104 3525 1244 3567 erant
1265 3520 1586 3580 Hispaniensi
1599 3535 1702 3581 pu·
1804 3519 1973 3569 omnia
1989 3518 2122 3568 dicta
2138 3525 2256 3567 sunt
2271 3518 2499 3568 libertate
2514 3518 2776 3583 animoque
2797 3519 2956 3569 maxi-

549 3586 773 3647 qiunoulo
789 3599 955 3632 nervos
972 3585 1177 3631 incidere
1191 3585 1366 3632 civium
1383 3585 1707 3633 Romanorum
1805 3599 1905 3633 mo.
1974 3582 2096 3632 This
2126 3599 2278 3647 usage
2312 3582 2355 3632 is
2391 3583 2495 3633 also
2529 3583 2686 3633 found
2718 3583 2773 3632 in
2805 3583 2957 3633 Latin

552 3666 647 3698 non
661 3654 945 3710 potuerant,
969 3650 1090 3696 duae
1121 3664 1216 3696 uno
1243 3654 1447 3709 tempore
1468 3655 1705 3697 conantur
1805 3649 2027 3712 comedy,
2062 3649 2159 3697 and
2189 3648 2235 3697 is
2267 3663 2361 3698 one
2390 3648 2446 3696 of
2472 3649 2559 3697 the
2592 3664 2744 3712 many
2775 3648 2958 3698 coinci-

555 3716 611 3762 ἐκ
644 3714 982 3775 rempublicam
1010 3716 1130 3760 sicas
1155 3715 1464 3775 destrinqere.
1536 3713 1698 3777 (Orat.
1805 3715 1985 3763 dences
2019 3713 2246 3763 between
2282 3711 2368 3761 the
2413 3711 2600 3762 diction
2641 3712 2696 3762 of
2740 3711 2959 3764 Cicero’s

555 3778 909 3893 awa
928 3776 1209 3917 affl..
1229 3778 1358 3891 mm..
1375 3776 1703 3892 sevus:
1804 3776 2780 3891 ⁶5ir⁸33usffixmffl⁰⁰⁰ziaetff
2837 3842 2956 3891 1..-

553 3924 672 3958 nam
709 3914 762 3958 et
798 3910 1073 3957 Antonium
1104 3906 1343 3971 appellari
1382 3905 1704 3957 manifestum
1804 3906 1957 3971 bably
1981 3922 2047 3955 an
2076 3906 2290 3956 allusion
2323 3912 2374 3956 to
2398 3905 2455 3955 C.
2484 3906 2689 3967 Marius,
2716 3922 2762 3954 w
2800 3923 2830 3957 o
2851 3923 2956 3956 was

554 3978 647 4022 est.
1803 3987 1834 4020 a
1862 3988 2009 4020 novus
2038 3973 2172 4019 homo
2185 3988 2208 4030 ;
2240 3988 2296 4020 or
2320 3971 2530 4034 perhaps
2559 3978 2611 4021 to
2634 3970 2847 4033 Caelius,
2874 3988 2958 4026 see

627 4040 702 4086 13.
739 4039 814 4085 ita
846 4052 1081 4085 summum
1114 4035 1192 4100 ut]
1258 4042 1317 4085 ‘a
1348 4034 1488 4098 place
1517 4035 1699 4092 which,
1808 4037 1830 4100 ᾗ
1859 4040 1914 4084 11
1939 4052 1950 4094 ;
1987 4051 2042 4085 or
2062 4035 2275 4099 perhaps
2311 4036 2424 4086 ‘the
2454 4036 2649 4085 routine
2670 4035 2727 4086 of
2753 4036 2838 4085 the
2858 4036 2958 4087 last

554 4102 679 4165 high
707 4118 762 4150 as
790 4102 832 4151 it
860 4101 905 4150 is
932 4101 987 4149 in
1013 4099 1170 4157 itself‚
1230 4106 1283 4149 et
1309 4099 1493 4149 attains
1517 4100 1584 4149 its
1604 4100 1704 4150 full
1802 4102 1904 4150 few
1974 4101 2120 4161 ears,’
2164 4100 2328 4150 where
2365 4116 2420 4149 so
2456 4100 2559 4150 few
2596 4105 2705 4150 novi
2747 4102 2957 4151 homines

554 4167 803 4231 grandeur
821 4166 942 4229 only
964 4163 1110 4214 when
1131 4164 1194 4214 he
1214 4166 1247 4213 d
1268 4164 1373 4229 by‚’
1400 4166 1489 4214 Sec.
1802 4164 1904 4214 had
2024 4182 2059 4214 n
2090 4165 2293 4215 elected.

622 4231 769 4297 idun]
841 4230 956 4280 ‘the
987 4245 1121 4279 same
1149 4228 1330 4293 thing.'
1401 4228 1508 4278 One
1540 4228 1704 4293 might
1869 4246 1985 4277 num
2006 4246 2121 4292 quos
2145 4267 2155 4278 .
2184 4268 2196 4279 .
2228 4267 2240 4278 .
2267 4228 2466 4295 amicos]
2532 4229 2654 4279 Em.
2684 4231 2824 4280 reads
2851 4232 2953 4279 ini·

554 4295 684 4345 have
704 4296 938 4359 expected
966 4296 1175 4353 miden,
1201 4293 1294 4343 but
1320 4292 1424 4342 this
1452 4294 1636 4343 license
1662 4294 1707 4343 is
1806 4297 1963 4356 micon,
1990 4294 2084 4344 but
2104 4295 2243 4345 there
2262 4295 2307 4344 is
2328 4311 2393 4345 no
2416 4296 2539 4345 need
2561 4301 2615 4345 to
2634 4296 2807 4359 depart
2822 4295 2954 4345 from

555 4367 646 4437 not
674 4359 888 4409 unusual
908 4358 964 4408 in
986 4358 1202 4433 Cicero’s
1221 4358 1416 4409 letters:
1456 4374 1536 4408 see
1559 4358 1702 4434 Fam.
1805 4359 1893 4409 the
1927 4376 2044 4436 mss.
2114 4359 2220 4409 The
2250 4361 2499 4424 advocacy
2528 4359 2584 4409 of
2614 4360 2700 4410 the
2726 4375 2871 4409 cause
2900 4362 2961 4410 of

555 4427 711 4538 ἓῐιιιῖὲ
741 4427 800 4538 {a
823 4439 951 4537 Ἠ.
984 4423 1220 4538 ἷῗέῗρὲἑο
1241 4423 1706 4551 ωῗῗξέἱῗίωῗῧ
1806 4424 2666 4553 ῙιῖἲέἓὲξῗῑεῖἷέἓάοἳοὲηἪυέἕὲοῗθ
2692 4425 2958 4554 ἳιωὲῗςιὶἳ

555 4559 779 4605 versatus
812 4568 956 4613 sum;
1005 4569 1123 4616 quae
1157 4568 1250 4603 nec
1287 4558 1492 4617 possunt
1536 4553 1701 4614 scribi,
1808 4570 1933 4606 even
1962 4554 2023 4606 be
2047 4571 2077 4605 a
2097 4569 2266 4606 source
2288 4555 2345 4604 of
2361 4554 2730 4619 unpopularity.
