3229 5145
1005 467 1152 532 ΕΡ.
1198 464 1421 535 XLV.
1471 466 1699 550 (ATT.
1731 467 1835 531 II.
1868 465 2004 551 18.)

2563 465 2691 529 303

295 640 580 726 undique
608 662 816 726 neque
843 640 974 705 iam
1005 662 1129 726 quo
1158 640 1375 705 minus
1403 638 1749 704 serviamus
1775 660 2158 719 recusamus,
2189 638 2301 702 sed
2327 641 2600 704 mortem
2628 642 2694 703 et

294 745 667 810 eiectionem
696 744 877 829 quasi
903 745 1146 809 maiora
1171 743 1492 823 timemus,
1523 763 1687 827 quae
1715 741 1922 808 multo
1950 745 2102 807 sunt
2129 742 2398 808 minora.
2473 740 2694 826 Atque

293 846 397 914 hic
467 852 564 913 est
620 850 845 927 status,
904 846 1016 932 qui
1087 868 1219 911 una
1277 868 1428 911 voce
1499 844 1790 911 omnium
1859 845 2159 931 gemitur,
2234 867 2440 930 neque
2500 844 2693 911 verbo

296 951 668 1036 cuiusquam
707 950 1091 1015 sublevatur.
1187 950 1441 1025 Σκοπὸς
1485 954 1599 1026 est,
1643 953 1717 1013 ut
1765 951 2063 1033 suspicor,
2102 948 2251 1026 illis,
2294 947 2407 1033 qui
2448 950 2692 1025 tenent,

298 1053 548 1119 nullam
576 1052 874 1138 cuiquam
901 1051 1311 1138 largitionem
1339 1051 1716 1136 relinquere.
1819 1050 2016 1116 Unus
2057 1050 2344 1136 loquitur
2375 1056 2439 1117 et
2479 1051 2697 1138 palam

297 1158 670 1223 adversatur
711 1157 1075 1223 adolescens
1106 1154 1321 1221 Curio.
1410 1154 1594 1221 Huic
1635 1154 1901 1241 plausus
1941 1154 2230 1235 maximi,
2275 1154 2698 1220 consalutatio

297 1261 567 1328 forensis
607 1258 1092 1346 perhonorifica,
1144 1258 1334 1345 signa
1375 1262 1706 1344 praeterea
1748 1256 2234 1324 benevolentiae
2279 1257 2600 1343 permulta
2658 1282 2699 1323 a

296 1364 482 1432 bonis
519 1363 996 1451 impertiuntur,
1042 1362 1308 1428 Fufium
1352 1360 1736 1429 clamoribus
1777 1366 1843 1428 et
1883 1360 2182 1427 conviciis
2211 1366 2276 1427 et
2305 1360 2507 1427 sibilis
2549 1383 2697 1428 oon-

296 1473 638 1535 sectantur.
728 1466 860 1532 His
915 1489 997 1532 ex
1052 1465 1243 1532 rebus
1292 1487 1427 1532 non
1483 1486 1646 1552 spes,
1705 1466 1818 1531 sed
1875 1465 2058 1531 dolor
2115 1469 2212 1530 est
2268 1464 2490 1545 maior,
2551 1487 2698 1531 cum

296 1572 514 1639 videas
556 1569 831 1637 civitatis
872 1569 1272 1636 voluntatem
1315 1569 1611 1649 solutam,
1657 1568 1964 1635 virtutem
2008 1569 2382 1655 adligatam.
2486 1572 2550 1633 2.
2596 1569 2699 1635 Ac

295 1698 380 1743 ne
408 1676 574 1741 forte
606 1695 870 1760 quaeras
915 1675 1067 1740 κατὰ
1112 1673 1349 1740 λεπτόν
1399 1671 1512 1759 [de
1542 1671 1816 1759 singulis
1843 1670 2092 1758 rebus]‚
2137 1672 2437 1737 universa
2477 1694 2579 1738 res
2621 1694 2696 1738 eo

295 1783 394 1845 est
422 1779 717 1857 deducta,
763 1798 903 1861 spes
930 1780 1007 1841 ut
1036 1775 1220 1841 nulla
1249 1775 1333 1841 sit
1363 1775 1711 1862 aliquando
1748 1798 1882 1841 non
1918 1776 2110 1841 modo
2139 1774 2441 1861 privatos,
2473 1797 2696 1840 verum

297 1881 493 1949 etiam
519 1879 937 1967 magistratus
964 1878 1198 1945 liberos
1226 1878 1385 1945 fore.
1474 1878 1626 1945 Hac
1669 1881 1888 1944 tamen
1924 1878 2015 1944 in·
2041 1877 2445 1969 oppressione
2488 1900 2692 1944 sermo

296 1985 367 2051 in
404 1984 658 2051 circulis
701 1984 1039 2048 dumtaxat
1078 1986 1144 2047 et
1180 1981 1487 2049 conviviis
1525 1985 1622 2048 est
1651 1981 1925 2061 liberior,
1956 2005 2151 2068 quam
2181 1981 2327 2047 fuit.
2416 1979 2692 2049 Vincere

294 2087 527 2174 incipit
554 2087 854 2152 timorem
884 2085 1083 2165 dolor,
1131 2085 1242 2151 sed
1270 2084 1386 2165 ita,
1430 2089 1506 2150 ut
1536 2084 1753 2151 omnia
1788 2084 1920 2151 sint
1946 2084 2316 2168 plenissima
2344 2084 2688 2172 desperati-

297 2191 457 2258 onis.
548 2189 775 2256 Habet
804 2189 999 2254 etiam
1028 2187 1358 2274 Campana
1384 2187 1491 2253 lex
1520 2187 2019 2254 exsecrationem
2045 2188 2118 2252 in
2148 2187 2442 2253 contione
2470 2189 2686 2254 candi-

296 2295 612 2374 datorum,
643 2293 697 2359 si
724 2292 1114 2359 mentionem
1144 2291 1431 2373 fecerint,
1476 2313 1603 2377 quo
1648 2292 1834 2358 aliter
1869 2313 2023 2378 ager
2059 2291 2457 2378 possideatur
2494 2295 2688 2377 atque

295 2402 372 2464 ut
428 2420 511 2464 ex
560 2396 814 2484 legibus
865 2394 1073 2462 Iuliis.
1191 2394 1348 2462 Non
1399 2394 1705 2461 dubitant
1752 2394 1964 2460 iurare
2020 2394 2252 2461 ceteri:
2322 2394 2690 2461 Itaterensis

294 2617 563 2717 ..me
578 2598 935 2716 f.;’.·‘”2;z...0·³
934 2598 1190 2728 {m}-
1212 2599 1440 2726 tw}

296 2734 445 2781 tiones
477 2768 491 2781 .
533 2767 546 2780 .
586 2764 600 2778 .
635 2745 866 2792 quaenon
893 2731 1441 2778 nullamntsedtamen

294 2798 564 2856 medica-ia,
591 2794 687 2858 Ep.
712 2793 805 2843 liii.
834 2791 857 2855 ὁ
887 2796 964 2843 13.

359 2877 505 2923 nequo
524 2859 682 2923 verbo]
734 2858 882 2908 Klotz
904 2856 1071 2908 would
1092 2856 1273 2933 supply
1296 2873 1441 2920 mque

294 2940 435 2986 opera
463 2923 632 2974 before
658 2939 803 2986 neque
827 2924 977 2972 verbo.
1047 2921 1168 2972 This
1190 2938 1232 2972 is
1254 2938 1286 2972 a
1305 2937 1437 2973 com-

295 3005 411 3039 mon
449 3005 560 3040 case
595 2987 651 3038 of
684 2987 903 3050 ἆβλεψία
938 2987 994 3036 in
1030 3001 1121 3050 cop
1160 2988 1172 2999 ’
1202 2993 1267 3036 ts.
1355 2986 1439 3037 He

294 3054 458 3119 might
485 3053 613 3103 have
645 3052 805 3103 raised
832 3051 911 3101 his
937 3067 1055 3115 eyes
1190 3068 1215 3100 r
1236 3050 1439 3115 writing

291 3122 628 3234 {3532oess
546 3118 659 3231 ‘¹¹51
679 3116 1099 3231 {ffimffffi
1123 3115 1439 3243 &w

295 3248 399 3298 But
417 3254 487 3296 esc
509 3220 677 3298 would'
702 3245 858 3311 easily
878 3246 997 3310 drop
1023 3250 1111 3296 out
1138 3245 1308 3296 before
1332 3252 1435 3295 sca-

295 3320 389 3376 tus,
417 3312 516 3362 and
543 3311 652 3361 isit
681 3311 741 3361 be
770 3309 1439 3361 restoredthereisnoneed

293 3383 348 3429 to
367 3392 578 3440 suppose
598 3393 630 3427 a
649 3378 837 3425 lamma.

358 3445 446 3505 qui
482 3440 662 3506 tenent]
748 3456 817 3490 sc.
863 3441 1057 3490 omnia:
1106 3455 1187 3490 see
1229 3440 1336 3490 Att.
1379 3438 1435 3489 ii.

296 3508 376 3566 22,
414 3509 461 3555 6.
533 3506 598 3556 So
629 3512 841 3554 tenemur
871 3505 1043 3568 above,
1073 3508 1179 3554 ‘we
1210 3520 1292 3554 are
1323 3504 1441 3554 held

293 3571 351 3622 in
381 3570 664 3621 thraldom)

360 3638 547 3686 nullam
569 3633 812 3698 cuiquam]
868 3639 881 3662 ‘
895 3639 948 3683 ιο
969 3632 1108 3684 leave
1127 3632 1303 3683 nothin
1358 3633 1440 3684 for

296 3716 491 3765 anyone
533 3700 633 3750 else
674 3705 727 3749 ιο
769 3698 885 3762 give
926 3714 1071 3763 away
1090 3716 1102 3748 :
1120 3698 1135 3722 ’
1188 3698 1257 3747 cf.
1298 3650 1437 3749 gunt.

295 3765 402 3816 Jul.
442 3781 551 3826 xx„
593 3770 755 3814 cetera
784 3763 905 3814 item
937 3779 1064 3827 quae
1095 3762 1275 3827 cuique
1300 3762 1435 3812 libu-

296 3829 453 3880 issent
486 3829 744 3893 dilargitus
777 3833 869 3890 cst,
909 3826 1269 3878 contradicente
1304 3827 1444 3877 nullo

295 3892 911 4009 Ὕίιιξὲᾞὲιῗῖηὲῗῗί
950 3892 1231 4007 ἓὲἝΓήἝὲ
1267 3891 1443 4006 1233..

349 4039 494 4073 rusus
530 4024 585 4072 in
620 4022 752 4074 Flor.
786 4022 841 4071 ii.
874 4023 920 4081 5,
952 3974 1078 4071 nillil
1097 3973 1166 4071 gse
1199 4021 1261 4072 ad
1294 4022 1441 4085 largi-

295 4088 483 4138 tionem
529 4087 622 4137 ulli
677 4086 931 4152 reliquisse
973 4085 1071 4135 nisi
1115 4085 1159 4134 si
1202 4086 1314 4151 quis
1356 4093 1444 4136 aut

294 4168 503 4204 caenum
542 4151 760 4203 dividere
793 4151 945 4200 vellet
977 4155 1067 4201 aut
1104 4151 1311 4202 caelum.

361 4216 581 4284 Fufiam]
649 4216 741 4268 See
760 4217 866 4266 Att.
891 4214 926 4265 i.
957 4219 1032 4274 14,
1063 4219 1108 4276 1,
1134 4217 1180 4265 5.

362 4283 648 4332 voluntatem
669 4284 885 4341 sobnam,
910 4283 1138 4330 virtutem
1158 4280 1444 4345 adliqatam]

305 4349 322 4376 ‘
338 4361 432 4398 our
450 4346 663 4411 feelings
684 4361 767 4397 are
787 4345 1107 4407 unshackled,
1143 4344 1236 4395 but
1273 4345 1342 4395 all
1365 4344 1443 4396 vi-

299 4426 480 4528 em*
492 4411 914 4528 “simma
931 4408 1279 4539 ’02051533222
1287 4411 1444 4526 ²3:032

297 4541 725 4609 funyexpnmd.

1603 2599 1757 2649 κατὰ
1809 2596 2061 2663 λεπτὸν]
2159 2598 2262 2648 also
2315 2600 2572 2664 expressed
2615 2599 2687 2666 by

1539 2663 1712 2714 Cicero
1743 2661 1798 2711 in
1829 2662 1915 2712 the
1948 2664 2107 2712 words
2139 2665 2267 2714 κατὰ
2307 2664 2469 2727 μίτον,
2517 2680 2687 2715 means

1543 2729 1557 2756 ‘
1576 2727 1631 2777 in
1653 2726 1838 2788 detail,'
1866 2732 1881 2755 ‘
1898 2729 2149 2776 seriatim)
2215 2730 2291 2777 De
2322 2731 2528 2792 singulis
2548 2731 2687 2779 robus

1536 2791 2685 2921 ...mmmmm

1535 2922 1627 2972 has
1656 2925 1791 2984 crept
1810 2919 1917 2971 into
1936 2922 2023 2972 the
2043 2928 2167 2972 text.

1601 3002 1678 3035 res
1695 3001 1745 3035 eo
1765 2992 1836 3034 oet
1856 2985 2077 3052 deducta]
2169 2989 2182 3014 ‘
2201 2985 2370 3050 things
2390 2986 2518 3038 have
2549 3003 2687 3040 come

1536 3055 1589 3100 to
1619 3050 1741 3100 such
1767 3065 1799 3099 a
1822 3066 1936 3114 pass
1963 3051 2073 3101 that
2093 3066 2171 3101 we
2198 3068 2290 3101 can
2313 3051 2440 3102 have
2464 3068 2531 3102 no
2555 3052 2684 3116 hope

1535 3114 1647 3165 that
1666 3115 1754 3164 the
1774 3114 2083 3179 magistrates
2105 3131 2247 3176 even,
2277 3122 2363 3165 not
2383 3123 2436 3167 ιο
2457 3117 2608 3180 speak
2629 3118 2684 3168 of

1570 3179 1730 3230 rivate
1761 3195 1976 3244 persons,
2011 3180 2117 3230 will
2150 3180 2268 3244 long
2302 3197 2527 3244 preserve
2554 3181 2685 3232 their

1561 3244 1738 3309 'ber-ty.
1806 3244 1921 3305 Yet,
1955 3245 2262 3309 considering
2284 3246 2369 3297 the
2400 3247 2682 3323 oppression

1535 3309 1648 3360 that
1663 3309 1891 3373 prevails,
1915 3311 2089 3373 speech
2109 3310 2152 3360 is
2173 3311 2301 3360 freer
2316 3311 2440 3361 than
2460 3317 2503 3362 ιι
2517 3327 2684 3362 was—

1537 3374 1592 3425 in
1624 3374 1765 3425 clubs
1796 3379 1850 3425 at
1880 3374 2004 3425 least
2047 3377 2144 3424 and
2177 3375 2324 3425 social
2359 3375 2678 3441 gatherings:

1536 3445 1838 3490 resentment
1867 3438 1910 3488 is
1954 3439 2225 3505 beginning
2258 3447 2311 3490 to
2347 3441 2537 3505 prevail
2568 3457 2686 3492 over

1535 3503 1660 3565 sear,
1686 3504 1914 3562 without,
1949 3503 2192 3562 however,
2229 3506 2524 3570 preventing
2548 3522 2580 3556 a
2600 3522 2683 3571 ge·

1537 3569 1675 3619 neral
1697 3569 2053 3634 despondency.
2124 3569 2394 3632 Moreover,
2421 3571 2508 3620 the
2529 3571 2683 3635 Agra-

1537 3633 1650 3683 rian
1670 3633 1793 3683 Law
1813 3633 2081 3697 prescribes
2102 3635 2211 3684 that
2237 3636 2305 3685 all
2326 3636 2609 3686 candidates
2630 3636 2684 3685 in

1536 3698 1669 3747 their
1702 3698 2053 3748 candidatorial
2087 3700 2262 3762 speech
2296 3707 2349 3749 to
2387 3701 2472 3751 the
2635 3700 2683 3749 le

1543 3761 1692 3827 (their
1719 3765 1875 3812 oratio
1909 3765 1964 3811 in
1995 3770 2102 3826 coya
2132 3766 2350 3827 candida)
2382 3766 2472 3816 sho
2526 3766 2560 3814 d
2585 3764 2682 3815 im-

1542 3833 1739 3891 precato
1785 3843 1818 3876 a
1864 3842 2004 3878 curse
2054 3843 2119 3877 on
2161 3829 2455 3881 themselves
2486 3828 2533 3878 if
2565 3829 2683 3894 they

1541 3892 1722 3941 should
1759 3906 1886 3942 even
1924 3908 2016 3956 sug
2051 3899 2125 3942 est
2156 3909 2257 3958 any
2287 3893 2429 3944 other
2458 3895 2601 3944 mode
2631 3897 2686 3944 of

1541 3955 1833 4020 occupation
1876 3955 1955 4006 for
1996 3968 2017 4004 t
2054 3973 2081 4006 e
2122 3956 2238 4006 land
2279 3957 2402 4008 than
2443 3958 2555 4008 that
2586 3957 2686 4008 laid

1543 4022 1691 4071 down
1719 4021 1790 4086 by
1809 4020 1895 4071 the
1922 4020 2096 4070 Julian
2125 4021 2305 4073 Laws?
2374 4021 2496 4071 This
2527 4038 2683 4078 curse.

1540 4085 1839 4150 imprecated
1858 4102 1922 4136 on
1942 4085 2144 4136 himself
2163 4085 2232 4151 by
2252 4085 2339 4136 the
2358 4086 2614 4138 candidate
2637 4090 2688 4136 iu

1543 4151 1624 4200 his
1654 4153 2002 4213 eleccioneerinq
2034 4152 2212 4212 speech,
2247 4150 2454 4216 binding
2483 4151 2687 4202 himself

1541 4214 2077 4277 totheJulianLaws,
2101 4231 2202 4264 was
2223 4215 2570 4281 certainlyasi
2669 4217 2686 4265 1

1541 4279 1678 4344 pisce
1707 4281 1765 4331 of
1786 4278 2082 4344 oppression,
2117 4279 2210 4331 but
2237 4285 2325 4330 not
2348 4285 2542 4345 greater

1542 4344 1801 4460 ῗῗΐέἓεὲἕ
1821 4351 1996 4459 {5¹3⁰oe
2010 4344 2138 4458 333³
2159 4345 2377 4458 Ἕω
2397 4345 2453 4396 ⁰¹
2473 4344 2688 4462 Οῗέωζέ

1561 4426 1589 4460 e
2122 4446 2133 4458 .
2270 4426 2298 4460 e
2324 4426 2406 4460 ma
2461 4427 2531 4461 rm

1541 4474 1629 4524 the
1661 4479 1841 4525 matter
1859 4475 1929 4539 by
1950 4425 2152 4538 rpgading
2175 4474 2298 4524 with
2332 4427 2518 4526 Sclifitz
2549 4427 2686 4526 hiabat

1548 4542 1791 4601 Campana
1823 4541 1896 4589 lex
1927 4542 2286 4590 exsecrationem
2311 4542 2687 4605 candidatorum,
