3229 5145
1000 460 1146 524 ΕΡ.
1193 460 1423 527 XXX.
1478 460 1583 546 (Q.
1614 462 1756 528 FB.
1791 463 1850 527 Ι.
1883 463 1976 546 1.)
2565 461 2690 527 251

285 652 414 697 non
445 631 819 698 diffiderem.
910 634 973 697 2.
1018 632 1217 700 Nunc
1251 634 1560 720 quoniam
1596 635 1695 702 ita
1733 635 1984 716 accidit,
2014 639 2090 701 ut
2123 657 2333 722 neque
2372 639 2695 721 praetores

287 735 416 800 suis
444 734 675 821 opibus
710 758 920 823 neque
956 758 1075 804 nos
1113 742 1330 804 nostro
1369 739 1584 805 studio
1625 739 1980 826 quidquam
2018 739 2321 825 proficere
2348 758 2694 825 possemus,

286 842 382 903 est
408 838 673 905 omnino
702 839 959 906 difficile
989 863 1122 907 non
1150 841 1435 927 graviter
1462 841 1533 909 id
1562 842 1751 923 ferre,
1775 844 1889 909 sed
1917 847 2135 909 tamen
2165 848 2416 909 nostros
2446 842 2694 908 animos

285 941 586 1007 maximis
623 943 693 1008 in
732 942 924 1011 rebus
962 947 1026 1010 et
1066 944 1366 1031 gerendis
1401 950 1469 1013 et
1512 947 1906 1014 sustinendis
1949 947 2326 1013 exercitatos
2368 946 2588 1033 frangi
2629 950 2696 1012 et

285 1043 612 1114 debilitari
640 1047 933 1113 molestia
960 1070 1092 1114 non
1123 1052 1393 1134 oportet.
1483 1049 1578 1116 Et
1606 1051 1913 1137 quoniam
1943 1073 2020 1117 ea
2045 1049 2489 1116 molestissime
2527 1049 2695 1116 ferre

284 1147 578 1215 homines
616 1149 871 1232 debent,
903 1173 1068 1238 quae
1104 1152 1394 1238 ipsorum
1431 1153 1622 1240 culpa
1660 1157 1986 1227 contracta
2024 1160 2196 1232 sunt,
2243 1158 2339 1219 est
2383 1153 2695 1239 quiddam

284 1251 357 1318 in
384 1251 505 1318 hac
540 1275 611 1320 re
648 1253 813 1320 mihi
849 1255 1181 1322 molestius
1215 1255 1557 1324 ferendum
1596 1274 1794 1344 quam
1832 1256 1975 1323 tibi.
2066 1256 2344 1323 Factum
2381 1260 2479 1323 est
2518 1256 2693 1322 enim

285 1377 430 1422 mea
471 1356 680 1443 culpa,
721 1362 942 1424 contra
984 1381 1181 1445 quam
1219 1363 1296 1426 tu
1338 1382 1592 1427 mecum
1633 1366 1700 1427 et
1742 1360 2143 1447 proficiscens
2181 1363 2248 1425 et
2290 1381 2405 1446 per
2442 1360 2696 1427 litteras

284 1480 527 1545 egeras,
572 1464 647 1527 ut
688 1461 899 1546 priore
940 1485 1112 1529 anno
1152 1484 1286 1529 non
1330 1464 1789 1531 succederetur.
1883 1463 2077 1535 Quod
2118 1487 2262 1551 ego,
2301 1465 2460 1530 dum
2498 1463 2694 1529 saluti

285 1563 597 1629 cocionum
640 1565 918 1646 consulo,
964 1566 1122 1632 dum
1165 1566 1607 1653 impudentiae
1651 1586 1786 1634 non
1837 1568 2165 1634 nullorum
2215 1567 2694 1653 negotiatorum

285 1668 527 1747 resiste,
569 1668 727 1734 dum
769 1674 1054 1735 nostram
1095 1670 1371 1756 gloriam
1408 1674 1526 1737 tua
1553 1671 1796 1738 virtute
1833 1672 2059 1759 augeri
2104 1675 2353 1758 expete,
2400 1669 2524 1736 feci
2561 1692 2694 1736 non

284 1771 625 1855 sapienter,
684 1772 1061 1859 praesertim
1119 1795 1267 1840 cum
1323 1775 1395 1840 id
1453 1774 1899 1855 commiserim,
1958 1779 2034 1841 ut
2091 1774 2204 1841 ille
2262 1774 2427 1840 alter
2483 1794 2693 1839 annus

285 1874 483 1939 etiam
538 1876 805 1941 tertium
860 1880 1074 1962 posset
1132 1879 1465 1946 adducere.
1587 1879 1650 1944 3.
1728 1878 1922 1951 Quod
1980 1879 2289 1965 quoniam
2359 1882 2694 1963 peccatum

285 1997 503 2043 meum
553 1999 687 2043 esse
736 1980 1059 2061 confiteor,
1112 1986 1209 2047 est
1258 1981 1611 2068 sapientiae
1659 1986 1855 2068 atque
1906 1980 2331 2048 humanitatis
2380 1984 2532 2046 tuae
2581 2002 2692 2046 cu·

282 2101 426 2146 rare
455 2085 521 2146 et
547 2081 864 2167 perficere,
895 2087 971 2150 ut
1008 2083 1129 2151 hoc
1167 2085 1385 2151 minus
1422 2086 1746 2172 sapienter
1785 2109 1826 2153 a
1862 2108 1968 2152 me
1996 2085 2324 2172 provisum
2352 2083 2698 2170 diligentia

282 2187 400 2250 tua
439 2184 813 2270 corrigatur.
904 2187 1007 2254 Ac
1044 2188 1103 2254 si
1139 2194 1205 2255 te
1240 2190 1379 2276 ipse
1407 2189 1855 2256 vehementius
1890 2189 1978 2255 ad
2015 2210 2237 2254 omnes
2274 2192 2490 2273 partes
2529 2186 2694 2252 bene

284 2286 589 2353 audiendi
618 2289 932 2370 excitaris,
962 2313 1095 2358 non
1133 2297 1211 2360 ut
1250 2315 1398 2359 cum
1438 2293 1602 2373 aliis,
1634 2293 1748 2358 sed
1784 2297 1861 2359 ut
1900 2297 2115 2358 tecum
2145 2292 2278 2356 iam
2306 2292 2444 2377 ipse
2472 2292 2692 2369 certes,

283 2389 340 2455 si
380 2411 634 2479 omnem
683 2395 867 2458 tuam
911 2399 1217 2474 mentem,
1268 2418 1510 2477 curam,
1563 2396 2022 2484 cogitationem
2074 2395 2160 2460 ad
2203 2393 2573 2464 excellentis
2621 2394 2693 2459 in

283 2491 583 2560 omnibus
639 2495 832 2561 rebus
894 2496 1109 2563 laudis
1175 2500 1597 2587 cupiditatem
1655 2499 1963 2579 incitaris,
2037 2497 2201 2563 mihi
2261 2498 2466 2578 crede,
2524 2518 2696 2562 unus

283 2619 493 2663 annus
524 2599 783 2666 additus
813 2599 1020 2668 labori
1046 2606 1162 2670 tuo
1190 2604 1548 2671 multorum
1577 2624 1897 2670 annorum
1919 2601 2237 2667 laetitiam
2263 2600 2470 2680 nobis,
2494 2600 2695 2666 immo

283 2722 435 2768 vero
463 2702 661 2768 etiam
696 2705 968 2790 posteris
996 2707 1233 2773 nostris
1262 2708 1533 2774 adferet.
1624 2709 1688 2772 4.
1736 2705 2147 2792 Quapropter
2175 2703 2296 2771 hoc
2323 2709 2390 2770 te
2412 2704 2696 2790 primum

282 2826 461 2892 rogo,
506 2827 590 2871 ne
634 2808 977 2874 contrahas
1019 2832 1094 2876 ac
1133 2811 1437 2877 demittas
1487 2811 1779 2877 animum
1825 2830 1988 2875 neve
2033 2814 2101 2876 te
2140 2807 2326 2876 obrui
2363 2813 2698 2892 tamquam

281 2907 504 2989 fluctu,
549 2909 638 2976 sic
680 2912 1132 2998 magnitudine
1165 2915 1414 3002 negotii
1449 2915 1642 2994 sinas,
1689 2917 2036 2998 contraque
2072 2912 2283 2999 erigas
2326 2934 2401 2977 ac
2442 2911 2698 2978 resistas

282 3011 418 3078 sive
447 3012 645 3079 etiam
675 3014 846 3080 ultro
887 3038 1179 3084 occurras
1206 3018 1503 3105 negotiis.
1594 3016 1830 3104 Neque
1869 3017 2043 3083 enim
2074 3015 2212 3081 eius
2237 3015 2416 3081 modi
2443 3019 2694 3102 partem

280 3116 374 3181 rei
404 3115 698 3202 publicae
726 3119 917 3206 geris,
954 3120 1027 3186 in
1057 3143 1186 3207 qua
1214 3120 1478 3188 fortuna
1507 3120 1895 3201 dominetur,
1942 3120 2052 3186 sed
2080 3120 2152 3185 in
2181 3140 2311 3208 qua
2337 3118 2691 3205 plurimum

282 3220 449 3285 ratio
501 3223 701 3307 possit
745 3207 811 3288 et
849 3223 1211 3309 diligentia.
1303 3224 1498 3297 Quod
1538 3225 1595 3290 si
1626 3222 1752 3290 tibi
1793 3222 2038 3290 bellum
2076 3223 2340 3309 aliquod
2378 3242 2694 3309 magnum

282 3326 350 3389 et
383 3324 810 3409 periculosum
853 3328 1332 3394 administranti
1373 3331 1794 3414 prorogatum
1832 3326 2177 3412 imperium
2215 3326 2518 3406 viderem,
2562 3331 2693 3390 tre-

282 3445 524 3492 merem
554 3428 790 3508 anim0,
835 3432 1010 3516 quod
1038 3433 1261 3498 eodem
1289 3436 1576 3518 tempore
1616 3454 1751 3497 esse
1779 3430 2225 3517 intellegerem
2254 3430 2451 3495 etiam
2483 3430 2688 3494 fortu-

350 3573 397 3619 2.
439 3571 574 3628 Quod
591 3571 698 3636 eqo]
766 3572 936 3626 Cicero
965 3575 1212 3626 confessos
1239 3575 1348 3625 that
1370 3575 1435 3625 he
1534 3575 1755 3640 actually
1776 3574 1879 3624 did.
1930 3574 2030 3623 For
2043 3574 2129 3624 the
2141 3572 2340 3637 impers.
2355 3576 2691 3632 succederetur,

284 3634 383 3685 had
423 3637 565 3686 made
608 3653 639 3687 a
682 3636 888 3689 mistake
931 3639 986 3689 in
1029 3656 1093 3690 ne
1127 3641 1313 3705 lecting
1355 3639 1435 3690 his
1534 3657 1614 3705 cp.
1641 3639 1743 3690 Pis.
1769 3643 1862 3700 88;
1903 3640 2042 3688 Fam.
2069 3639 2141 3688 iii.
2167 3643 2215 3699 6,
2240 3642 2288 3687 2.

284 3699 532 3751 brother’s
566 3709 762 3766 requeet
792 3709 847 3754 tc
878 3719 1057 3769 oppcse
1146 3720 1174 3754 e
1206 3704 1434 3755 continu·
1603 3708 1651 3755 3.
1688 3707 1754 3754 ad
1780 3720 1934 3754 omnes
1952 3710 2123 3766 partu
2152 3704 2261 3752 bene
2290 3701 2540 3770 audiendi]
2609 3708 2693 3752 ‘to

284 3780 409 3815 ance
442 3765 498 3814 of
531 3765 610 3816 his
641 3767 915 3830 provincial
949 3777 1273 3834 government
1305 3769 1437 3820 after
1537 3770 1642 3819 win
1678 3773 1714 3797 “
1729 3769 1909 3833 golden
1946 3768 2172 3833 opinions
2210 3769 2339 3818 from
2375 3768 2444 3816 all
2480 3771 2607 3816 sorta
2638 3766 2695 3817 of

285 3829 374 3880 the
404 3845 466 3880 ex
504 3830 684 3881 iration
713 3832 769 3882 of
794 3833 880 3883 the
897 3838 1019 3898 strae
1085 3851 1168 3884 ear
1187 3834 1243 3884 of
1264 3835 1335 3895 it;
1371 3834 1437 3884 he
1534 3834 1766 3899 people.’'
1787 3833 1801 3859 ’

287 3894 373 3945 did
393 3910 449 3944 so
496 3896 657 3946 orthe
679 3898 794 3947 sake
815 3898 870 3948 of
890 3898 976 3949 the
1073 3899 1154 3958 ‘es‚
1173 3898 1439 3964 througha
1603 3905 1654 3949 4.
1705 3915 1763 3948 no
1795 3899 2050 3947 contrahas
2092 3914 2149 3948 ao
2191 3899 2413 3947 demittas
2448 3894 2693 3962 animum]

287 3958 445 4010 desire
466 3961 523 4010 of
531 3962 772 4036 oppoeing
787 3963 972 4013 certain
980 3964 1260 4038 provincial
1282 3963 1437 4014 bank·
1546 3967 1560 3992 ‘
1579 3970 1669 4014 not
1695 3971 1749 4014 tc
1779 3963 1850 4014 let
1879 3961 2105 4028 yourself
2135 3962 2197 4012 be
2227 3963 2479 4011 downcast
2516 3976 2572 4011 or
2605 3961 2694 4011 de·

287 4040 366 4075 ers
385 4024 648 4090 (Pacemne
667 4028 767 4076 and
783 4027 1093 4092 Tuscemus),
1110 4029 1222 4078 who
1239 4030 1438 4094 sought,
1539 4029 1742 4094 jected.’

286 4097 578 4140 unaccount
592 4090 925 4155 ofapereonal
1034 4095 1146 4157 dge,
1166 4099 1218 4143 to
1234 4100 1443 4157 prevent
1605 4092 1789 4170 erigas]
1855 4108 1924 4143 ec.
1945 4094 2178 4142 aninum.
2250 4093 2263 4117 ‘
2279 4090 2351 4166 139
2372 4088 2576 4152 spirited
2596 4090 2695 4140 and

288 4154 376 4205 the
414 4171 531 4219 reap
595 4155 809 4207 intment
846 4158 902 4207 of
983 4157 1170 4218 uintus,
1212 4159 1311 4209 and
1354 4159 1441 4209 be·
1543 4159 1684 4209 don’t
1733 4157 1889 4208 flmch
1935 4157 2065 4207 from
2106 4156 2192 4206 the
2236 4155 2425 4219 weight
2467 4155 2523 4204 of
2569 4169 2697 4219 your

286 4235 433 4269 cause
456 4220 519 4270 he
574 4221 697 4282 cped
727 4228 780 4271 to
809 4237 890 4272 see
918 4222 999 4272 his
1020 4239 1134 4273 own
1157 4221 1444 4274 distinction
1543 4224 1891 4288 affaire—nay,
1940 4222 2110 4272 rather
2150 4220 2370 4284 actually
2404 4219 2515 4269 face
2557 4218 2695 4269 them

287 4284 541 4334 enhanced
577 4284 646 4350 by
679 4286 764 4336 the
798 4288 924 4350 good
957 4287 1356 4338 adminisuation
1389 4287 1446 4337 cf
1543 4287 1756 4352 bcldly.'

288 4346 368 4399 his
404 4348 619 4399 brother.
692 4355 705 4377 ‘
723 4349 785 4399 In
823 4351 890 4401 all
928 4352 1067 4410 this,’
1108 4353 1171 4402 he
1206 4369 1336 4417 says,
1383 4355 1397 4380 ‘
1415 4352 1442 4401 I
1610 4355 1735 4416 quod
1753 4350 1928 4417 eodem]
1984 4357 1997 4381 ⁴
2013 4350 2221 4401 becauoe
2245 4347 2464 4398 Ishould
2486 4362 2566 4398 see
2586 4347 2698 4400 that

289 4414 429 4463 acted
484 4413 781 4477 imprudentl
822 4453 836 4477 ,
884 4417 1148 4481 especially
1191 4433 1247 4466 ae
1293 4417 1320 4466 Ι
1365 4416 1444 4466 in·
1544 4417 1599 4467 in
1637 4416 1832 4482 getting
1866 4431 1897 4465 a
1929 4432 2041 4466 new
2075 4415 2205 4465 lease
2244 4414 2299 4464 of
2326 4429 2455 4478 your
2484 4428 2694 4478 govern-

288 4480 462 4529 cun-ed
496 4479 580 4529 the
620 4478 721 4528 risk
843 4488 867 4531 t
901 4482 987 4531 the
1020 4483 1199 4532 second
1231 4498 1353 4546 year
1391 4481 1447 4531 of
1544 4490 1684 4533 ment
1706 4497 1808 4547 you
1824 4495 1954 4531 were
1976 4479 2150 4545 giving
2164 4480 2363 4531 fortune
2384 4495 2415 4528 a
2437 4494 2549 4529 new
2563 4479 2697 4530 leaee

288 4552 610 4608 government
639 4543 816 4594 should
843 4546 999 4596 entail
1031 4563 1061 4596 a
1091 4546 1228 4596 third
1244 4547 1382 4595 '—as
1402 4546 1446 4596 it
1544 4548 1600 4597 of
1622 4547 1711 4598 her
1733 4561 1898 4610 power
1919 4562 2041 4596 over
2062 4561 2189 4608 your
2210 4544 2409 4595 affairs!
