3229 5145
894 468 1040 533 ΕΡ.
1087 470 1260 534 XII.
1314 470 1471 555 (DE
1510 469 1714 535 PET.
1769 469 2055 552 CONS.)
2555 467 2676 532 171

263 643 427 704 sunt
481 640 604 725 qui
650 646 887 728 rogant
927 647 1004 708 ut
1052 643 1151 708 uti
1200 642 1388 713 liceat
1439 665 1631 728 opera
1676 643 1938 709 alterius
1988 664 2185 729 quam
2228 641 2342 727 qui
2382 643 2678 706 utuntur.

264 741 426 813 Qua
454 766 535 809 re
562 746 763 811 satius
799 749 896 812 est
933 769 1013 813 ex
1051 747 1130 812 iis
1169 747 1417 833 aliquos
1454 746 1801 832 aliquando
1837 747 1910 811 in
1948 746 2091 812 foro
2119 745 2242 811 tibi
2268 743 2455 810 irasci
2483 766 2680 830 quam

262 866 502 913 omnes
545 849 846 916 continuo
885 850 1080 931 domi,
1108 850 1482 936 praesertim
1521 872 1667 916 cum
1706 849 1909 915 multo
1948 850 2159 934 magis
2195 848 2550 913 irascantur
2577 847 2680 925 iis,

262 950 383 1034 qui
422 958 695 1038 negent,
727 977 922 1040 quam
962 954 1041 1035 ei,
1072 976 1265 1040 quem
1291 954 1554 1020 videant
1593 976 1670 1019 ea
1707 976 1898 1019 causa
1933 953 2337 1039 impeditum,
2366 954 2444 1016 ut
2471 951 2681 1016 facere

262 1055 450 1137 quod
503 1057 800 1141 promisit
848 1059 1084 1144 cupiat,
1135 1058 1190 1123 si
1238 1058 1373 1124 ullo
1430 1058 1620 1123 modo
1670 1056 1887 1144 possit.
2004 1058 2110 1121 49.
2184 1054 2287 1121 Ac
2335 1077 2419 1120 ne
2460 1053 2681 1119 videar

264 1154 607 1224 aberrasse
636 1182 676 1225 a
703 1160 1152 1227 distributione
1178 1183 1340 1241 mea,
1371 1162 1485 1247 qui
1514 1160 1671 1227 haec
1707 1161 1780 1225 in
1818 1159 1939 1226 hac
1970 1160 2267 1246 populari
2303 1162 2486 1246 parte
2515 1157 2676 1244 peti-

260 1259 475 1327 tionis
529 1263 869 1350 disputem,
920 1264 1040 1332 hoc
1088 1287 1334 1351 sequor,
1379 1264 1535 1330 haec
1573 1264 1793 1331 omnia
1834 1286 1967 1330 non
2010 1269 2146 1329 tam
2196 1263 2281 1328 ad
2329 1262 2679 1327 amicorum

264 1364 497 1431 studia
527 1389 722 1452 quam
751 1369 835 1433 ad
861 1369 1236 1455 popularem
1264 1369 1507 1435 famam
1533 1370 1871 1455 pertinere.
1950 1367 2101 1433 Etsi
2127 1368 2295 1432 inest
2322 1365 2569 1450 aliquid
2596 1388 2679 1431 ex

262 1466 385 1532 illo
416 1490 680 1553 genere,
709 1471 988 1559 benigne
1014 1473 1411 1558 respondere,
1442 1473 1722 1539 studiose
1759 1472 2064 1538 inservire
2101 1469 2380 1557 negotiis
2408 1492 2482 1535 ac
2509 1468 2676 1555 peri-

266 1571 436 1638 culis
459 1575 833 1656 amicorum,
855 1581 1071 1643 tamen
1102 1576 1221 1643 1100
1247 1577 1384 1643 1000
1407 1598 1484 1642 ea
1503 1577 1665 1657 dico,
1689 1576 1922 1663 quibus
1949 1574 2434 1640 multitudinem
2455 1594 2679 1659 capere

264 1676 502 1759 possis,
548 1682 624 1743 ut
665 1679 747 1744 de
788 1684 973 1746 nocte
1017 1681 1244 1746 domus
1289 1682 1699 1767 compleatur,
1739 1683 1816 1746 ut
1857 1679 2048 1745 multi
2088 1700 2198 1765 spe
2243 1677 2342 1743 tui
2377 1676 2678 1763 praesidii

266 1782 645 1863 teneantur,
676 1786 752 1848 ut
781 1784 1107 1850 amiciores
1134 1784 1248 1851 abs
1274 1788 1340 1851 te
1369 1785 1699 1850 discedant
1727 1806 1922 1869 quam
1958 1781 2347 1862 accesserint,
2376 1785 2453 1846 111,
2481 1801 2677 1866 quam

266 1882 707 1967 plurimorum
736 1909 920 1953 aures
948 1889 1189 1974 optimo
1217 1911 1506 1955 sermone
1535 1887 1993 1976 compleantur.

403 1987 624 2055 XIII.
686 1991 789 2054 50.
843 1990 1145 2077 Sequitur
1201 1993 1376 2058 enim
1430 1995 1507 2057 ut
1563 1992 1646 2058 de
1699 2013 1954 2057 rumore
2010 1990 2353 2056 dicendum
2409 1989 2513 2068 sit,
2572 1987 2677 2053 cui

270 2091 565 2159 maxime
592 2094 994 2161 serviendum
1025 2100 1138 2162 est.
1229 2095 1359 2162 Sed
1386 2118 1551 2182 quae
1579 2096 1752 2161 dicta
1790 2100 1942 2161 sunt
1976 2095 2153 2159 omni
2186 2092 2506 2180 superiore
2533 2114 2675 2157 ora-

272 2194 477 2275 tione,
528 2198 754 2263 eadem
803 2200 888 2264 ad
931 2222 1252 2266 rumorem
1294 2198 1863 2265 concelebrandum
1905 2198 2160 2263 valent:
2213 2196 2468 2262 dicendi
2514 2195 2675 2275 laus,

273 2300 499 2365 studia
539 2300 1026 2383 publicanorum
1063 2308 1129 2369 et
1168 2304 1475 2389 equestris
1519 2304 1779 2382 ordinis,
1826 2301 2163 2368 hominum
2204 2299 2520 2366 nobilium
2561 2320 2676 2364 vo-

275 2400 518 2483 luntas,
543 2404 1156 2473 adolescentulorum
1184 2407 1564 2493 frequentia,
1589 2428 1832 2486 eorum,
1856 2405 1968 2491 qui
1990 2403 2104 2470 abs
2131 2410 2197 2470 te
2224 2403 2473 2469 defensi
2501 2404 2674 2481 sunt,

276 2504 675 2574 adsiduitas:
721 2531 801 2576 ex
827 2510 1193 2598 municipiis
1220 2511 1568 2577 multitudo
1597 2532 1839 2591 eorum,
1871 2531 2028 2595 quos
2061 2512 2178 2574 tua
2215 2529 2404 2574 causa
2431 2505 2678 2571 venisse

278 2616 626 2696 appareat:
656 2611 819 2679 bene
838 2619 904 2680 te
927 2620 1002 2681 ut
1022 2615 1311 2681 homines
1337 2637 1519 2681 nosse
1540 2637 1621 2695 se,
1648 2615 1911 2680 comiter
1940 2612 2281 2699 appellare,
2311 2610 2575 2676 adsidue
2603 2632 2678 2674 ac

278 2712 630 2801 diligenter
656 2721 889 2803 petere,
918 2716 1273 2805 benignum
1313 2741 1387 2784 ac
1422 2718 1757 2784 liberalem
1798 2739 1932 2783 esse
1968 2717 2313 2803 loquantur
2352 2718 2417 2779 et
2456 2713 2676 2779 existi-

278 2822 483 2898 ment,
534 2820 761 2886 domus
801 2824 878 2886 ut
925 2822 1135 2887 multa
1177 2827 1363 2888 nocte
1406 2821 1818 2908 compleatur,
1863 2820 2153 2892 omnium
2195 2839 2507 2905 generum
2547 2817 2675 2882 fre-

280 2923 549 3005 quentia
593 2924 779 3003 adsit,
826 2926 980 2990 satis
1024 2925 1140 2991 fiat
1182 2926 1394 2991 fronte
1446 2931 1510 2991 et
1561 2926 1847 2991 oratione
1890 2923 2206 3002 omnibus,
2249 2944 2319 2986 re
2361 2942 2676 3007 operaque

278 3025 524 3105 multis,
554 3027 917 3112 perficiatur
943 3027 1033 3109 id,
1064 3030 1237 3114 quod
1264 3029 1403 3094 fieri
1430 3033 1660 3115 potest,
1688 3029 1905 3095 labore
1945 3032 2011 3094 et
2049 3030 2185 3092 arte
2214 3048 2288 3091 ac
2316 3024 2674 3111 diligentia,

279 3148 412 3194 non
456 3133 533 3195 ut
577 3131 662 3195 ad
701 3131 1010 3217 populum
1049 3131 1131 3197 ab
1169 3132 1249 3197 iis
1288 3132 1583 3198 omnibus
1622 3133 1800 3198 fama
1836 3131 2184 3219 perveniat,
2227 3130 2338 3195 sed
2375 3133 2452 3194 ut
2487 3128 2561 3194 in
2596 3128 2677 3193 iis

280 3232 514 3298 studiis
540 3235 814 3320 populus
847 3235 983 3321 ipse
1011 3241 1315 3301 versetur.
1405 3237 1512 3302 51.
1558 3235 1709 3301 Iam
1736 3235 2050 3301 urbanam
2088 3235 2272 3299 illam
2309 3233 2675 3299 multitudi-

345 3418 484 3465 quem
505 3405 695 3453 videant
711 3421 764 3453 ea
782 3405 944 3471 cama]
980 3405 1210 3471 literally,
1236 3410 1250 3434 ‘
1265 3406 1429 3456 11110111
1593 3422 1651 3456 ex
1672 3408 1755 3454 illo
1772 3421 1938 3468 ymera
2024 3406 2038 3430 ‘
2053 3403 2217 3453 which
2239 3419 2401 3453 eomes
2415 3405 2574 3453 under
2589 3402 2675 3453 the

280 3464 405 3540 they
420 3469 644 3531 perceive
666 3475 718 3519 to
738 3469 800 3519 be
820 3472 1087 3533 prevented
1114 3472 1259 3534 (from
1281 3471 1427 3534 keep·

282 3545 368 3596 mg
403 3531 481 3581 his
512 3533 739 3599 promise)
766 3536 833 3599 by
857 3538 970 3584 such
991 3553 1022 3584 a
1043 3553 1207 3585 reason
1235 3553 1291 3584 as
1322 3539 1429 3585 that

283 3596 338 3644 he
358 3600 521 3645 would
552 3600 702 3647 desire
734 3605 787 3649 10
821 3599 945 3664 keep
975 3601 1016 3649 it
1044 3601 1087 3649 if
1114 3600 1179 3650 he
1210 3602 1429 3667 possibly

282 3661 461 3722 could,'
499 3662 608 3712 that
642 3662 701 3722 is,
736 3667 750 3691 ⁸
768 3665 931 3715 whom
964 3665 1087 3730 they
1119 3666 1343 3729 perceive
1376 3673 1429 3715 to

280 3724 342 3776 be
376 3729 645 3790 prevented
678 3728 807 3778 from
850 3729 1026 3793 keepin
1105 3730 1183 3779 his
1217 3731 1428 3794 promise

282 3787 349 3856 by
371 3808 403 3841 a
435 3807 605 3841 reason
638 3809 692 3843 so
719 3794 985 3857 important
1069 3801 1119 3844 at
1144 3795 1223 3844 his
1249 3796 1428 3845 breach

283 3857 336 3903 of
360 3855 441 3905 his
466 3857 675 3920 promise
701 3858 744 3908 is
774 3859 911 3923 quite
941 3860 1230 3921 compatible
1252 3861 1376 3910 with
1398 3877 1429 3910 a

283 3920 495 3981 genuine
524 3923 679 3972 desire
711 3939 773 3973 on
804 3924 883 3973 his
913 3931 1021 3987 part
1046 3935 1098 3974 to
1125 3926 1186 3974 do
1208 3925 1343 3974 111161
1363 3925 1427 3975 116

282 3987 537 4058 promised.
576 3986 620 4036 if
653 3993 705 4037 at
739 3988 806 4037 all
849 3989 1098 4053 possible.'
1185 3990 1282 4038 For
1323 3990 1424 4040 this

282 4050 527 4100 uliomatie
548 4067 636 4101 use
657 4051 712 4102 of
732 4069 809 4101 eae
836 4090 847 4101 .
876 4089 888 4102 .
919 4090 930 4101 .
956 4061 1026 4116 ut,
1051 4053 1115 4103 cf.
1139 4070 1231 4104 1160
1256 4061 1423 4104 tamen

282 4124 918 4244 ffitzensssmilffrqssYtB,
954 4135 1133 4232 sut-luz
1165 4119 1422 4233 ἔξὲοιιὲνωῗὲ

283 4245 389 4318 flant
420 4245 549 4294 there
575 4247 744 4295 should
763 4248 826 4304 be,
854 4247 939 4298 Sco.
1009 4248 1073 4298 So
1096 4248 1207 4298 Ter.
1231 4249 1417 4299 Heaut.

281 4321 333 4356 11.
360 4311 404 4369 3,
440 4313 546 4368 118,
571 4313 623 4359 in
644 4327 751 4360 eum
778 4328 856 4361 res
884 4311 1028 4362 rediit
1057 4313 1157 4363 iam
1184 4313 1346 4363 locum
1368 4320 1421 4363 ut

283 4372 345 4421 sit
361 4389 630 4425 necessum.
700 4376 791 4427 See
812 4378 941 4426 Adn.
968 4376 1090 4427 Crit.

317 4442 425 4512 ‚49⁰
464 4440 547 4488 hoo
575 4457 741 4504 sequor
835 4442 965 4492 ‘this
997 4443 1040 4492 is
1073 4458 1160 4507 my
1191 4443 1331 4507 point
1368 4443 1423 4493 of

281 4516 436 4554 view:
456 4503 471 4528 '
521 4504 587 4553 cf.
636 4506 723 4571 qui
798 4513 994 4556 secutus
1037 4507 1129 4557 sim
1166 4508 1220 4557 in
1259 4510 1419 4560 decer·

282 4569 454 4633 nendo,
497 4576 509 4598 ‘
526 4570 661 4620 what
693 4572 792 4622 line
826 4572 853 4621 I
887 4571 1041 4622 took.'

1527 3471 1655 3521 head
1698 3473 1755 3520 of
1791 3470 1927 3520 eonc'
1955 3470 1965 3480 '
1999 3468 2110 3532 ting
2145 3469 2361 3518 friends’
2399 3471 2674 3533 (amicorum

1528 3539 1709 3584 studia.

1594 3603 1673 3650 50.
1711 3537 1778 3648 2111
1804 3615 2036 3648 rumorem
2068 3598 2494 3662 concelebrandum]
2561 3597 2674 3647 ‘the

1526 3663 2171 3781 1ξὲᾝῖἓὲἔὲῗὲἕὲῗὲἭέ
2219 3664 2320 3778 :13³
2328 3679 2458 3776 1¹⁰?
2458 3662 2563 3711 ‘¹²²’
2600 3663 2669 3712 Οἱ·

2048 3765 2061 3788 ,
2292 3764 2304 3776 .
2352 3764 2365 3776 .
2428 3765 2440 3776 .

1591 3802 1646 3844 ut
1679 3796 1888 3842 homines
1919 3809 2047 3842 nosse
2080 3809 2126 3841 se
2151 3829 2163 3841 .
2194 3830 2206 3842 .
2237 3829 2250 3840 .
2277 3795 2535 3855 loquantur
2559 3828 2570 3839 .
2608 3829 2618 3839 .
2655 3829 2666 3839 .

1525 3859 1779 3924 vernetum]
1846 3857 1953 3908 The
1976 3857 2317 3922 subjunctivae
2345 3860 2599 3919 loquantur
2626 3863 2672 3905 ot

1526 3926 1796 3974 existiment
1830 3961 1841 3972 .
1880 3961 1892 3973 .
1931 3961 1942 3973 .
1977 3925 2263 3983 compleatur
2289 3959 2300 3970 .
2330 3958 2341 3970 .
2374 3959 2386 3970 .
2412 3924 2541 3970 adsit
2567 3958 2578 3968 .
2609 3959 2622 3969 .
2653 3959 2665 3970 .

1524 3991 1733 4052 satisfiat
1755 4025 1766 4036 .
1797 4025 1809 4038 .
1839 4025 1851 4037 .
1864 3990 2166 4050 perficiatur,
2186 4002 2269 4036 are
2284 3986 2538 4035 definitive
2554 3986 2669 4035 sub-

1520 4053 1770 4118 junctives
1795 4053 1894 4118 (see
1919 4053 1942 4115 ὦ
1963 4055 2039 4109 47,
2066 4054 2162 4101 and
2184 4051 2317 4101 cxiv,
2342 4052 2363 4115 ᾗ
2393 4051 2458 4114 1).
2524 4050 2631 4100 The

1520 4135 1603 4169 are
1616 4118 1917 4169 ‹zo-ordinate
1931 4117 2053 4168 with
2067 4117 2151 4166 the
2165 4115 2402 4166 nominati
2408 4131 2491 4164 ves
2503 4115 2631 4164 whic

1519 4200 1602 4233 are
1635 4183 1721 4233 the
1756 4184 1973 4247 subjecte
2010 4181 2064 4231 of
2101 4183 2168 4229 ad
2199 4195 2428 4229 rumorem
2471 4183 2664 4229 concele-

1521 4250 1754 4298 brandum
1775 4252 1949 4297 valent.
2013 4246 2119 4295 The
2139 4245 2417 4295 accusative
2438 4244 2562 4293 with
2583 4244 2669 4293 the

1519 4313 1768 4363 infinitivo
1788 4313 1948 4377 might
1969 4312 2096 4361 have
2109 4312 2246 4361 ‘been
2277 4309 2396 4359 used
2423 4308 2664 4372 through-

1521 4387 1609 4428 out
1652 4378 1843 4427 instead
1885 4378 1940 4426 of
1980 4377 2118 4426 these
2161 4373 2517 4438 subjunctives,
2570 4375 2668 4424 and

1522 4443 1686 4492 would
1709 4443 1833 4491 have
1860 4442 1998 4502 been,
2026 4441 2123 4489 had
2147 4440 2294 4488 Latin
2323 4440 2571 4502 possessed
2600 4457 2666 4489 an

1521 4508 1692 4558 article
1715 4508 1814 4556 like
1837 4506 2014 4555 Greek.
2073 4504 2179 4553 The
2201 4505 2295 4553 last
2316 4510 2417 4554 two
2432 4505 2666 4568 subjunc-

1522 4573 1648 4623 tives
1678 4572 1731 4622 in
1761 4572 1845 4622 the
1876 4576 2119 4632 sentence,
2149 4576 2200 4618 ut
2217 4572 2464 4632 perveniat
2494 4572 2590 4620 and
2613 4578 2665 4618 ut
