3229 5145
576 470 707 536 258
1276 467 1423 532 ΕΡ.
1469 466 1700 532 XXX.
1752 465 1858 551 (Q.
1889 464 2029 530 FB.
2058 464 2121 530 I.
2152 466 2241 549 1.)

577 644 860 728 aliquam
907 645 1155 728 partem
1202 638 1296 727 rei
1344 637 1637 725 publicae
1681 635 2111 724 pertinebunt,
2153 638 2237 703 de
2279 635 2381 702 his
2428 635 2619 704 rebus
2668 657 2757 702 ne
2809 635 2970 721 qnid

575 747 879 833 attingat.
953 743 1169 810 Multa
1189 743 1380 821 enim,
1404 764 1567 828 qnae
1595 745 1763 808 recte
1790 740 2105 808 committi
2123 740 2322 807 servis
2348 737 2649 806 fidelibus
2675 744 2967 826 possunt,

573 853 792 914 tamen
829 847 1135 914 sermonis
1162 850 1233 912 et
1260 844 1746 932 vituperationis
1771 844 2073 910 vitandae
2107 864 2298 909 causa
2336 842 2801 909 committenda
2835 863 2970 909 non

574 955 746 1018 sunt.
836 951 937 1016 18.
985 948 1113 1015 Sed
1145 948 1354 1014 nescio
1381 970 1509 1033 quo
1536 950 1723 1034 pacto
1761 947 1846 1013 ad
1882 946 2313 1033 praecipiendi
2349 945 2668 1012 rationem
2705 944 2973 1030 delapsa

478 1036 487 1049 ⁸
571 1058 668 1121 est
695 1054 897 1120 oratio
932 1075 1095 1133 mea,
1125 1073 1272 1118 cum
1308 1051 1380 1117 id
1416 1049 1580 1117 mihi
1617 1048 2014 1137 propodtum
2048 1049 2237 1116 initio
2276 1071 2408 1115 non
2447 1048 2694 1115 fuisset.
2788 1046 2973 1120 Quid

571 1157 745 1225 enim
774 1157 836 1223 ei
861 1155 1266 1242 praecipiam,
1295 1175 1486 1240 quem
1514 1176 1636 1240 ego
1671 1154 1744 1219 in
1778 1152 1899 1220 hoc
1924 1152 2298 1240 praesertim
2324 1173 2560 1239 genere
2585 1151 2974 1239 intellegam

568 1260 910 1347 prudentia
946 1281 1078 1324 non
1121 1280 1253 1324 esse
1293 1256 1663 1323 inferiorem
1705 1278 1902 1342 quam
1942 1278 2065 1337 me,
2105 1277 2229 1322 usu
2255 1277 2405 1322 vero
2440 1256 2640 1322 etiam
2683 1255 2971 1342 superio-

568 1387 706 1431 rem
723 1364 756 1430 Ρ
842 1361 972 1429 Sed
998 1366 1215 1428 tamen
1252 1360 1308 1427 si
1343 1361 1427 1426 ad
1466 1382 1560 1441 ea,
1590 1381 1756 1446 quae
1784 1358 2041 1439 faceres,
2071 1359 2416 1425 auctoritas
2446 1358 2775 1424 accederet
2803 1380 2971 1439 mee,

565 1466 840 1553 tibiipsi
865 1466 983 1531 illa
1008 1464 1233 1552 putavi
1263 1462 1399 1530 fore
1426 1463 1822 1530 iucundiora.
1911 1461 2061 1534 Qua
2086 1484 2156 1528 re
2186 1462 2318 1528 sint
2345 1460 2503 1528 haec
2537 1461 2975 1527 fundamenta

566 1560 904 1657 dissgnitatis
958 1572 1150 1633 tuae:
1226 1571 1341 1632 tua
1394 1566 1677 1653 primum
1737 1566 2079 1651 integritas
2133 1569 2201 1632 et
2256 1564 2672 1644 continentia,
2733 1564 2975 1631 deinde

566 1673 874 1752 omnium,
926 1671 1039 1757 qui
1086 1674 1299 1736 tecum
1351 1674 1522 1748 sunt,
1574 1669 1800 1756 pudor,
1853 1669 2123 1735 dilectus
2171 1668 2244 1733 in
2294 1666 2855 1734 familiaritatibus
2908 1672 2975 1734 et

565 1773 1052 1863 provincialium
1079 1772 1413 1839 hominum
1441 1776 1507 1838 et
1537 1770 1925 1838 Graecorum
1957 1781 2297 1858 percautus
2335 1775 2402 1838 et
2439 1771 2742 1858 diligens,
2777 1771 2974 1838 fami-

562 1880 690 1946 liae
735 1877 951 1964 gravis
1002 1881 1069 1941 et
1118 1878 1412 1941 constans
1460 1874 1818 1961 disciplina.
1933 1877 2035 1941 19.
2083 1874 2268 1947 Quae
2313 1897 2462 1941 cum
2511 1873 2788 1942 honesta
2839 1875 2976 1940 sint

561 1983 635 2048 in
676 1980 779 2046 his
821 1978 1088 2065 privatis
1128 1977 1360 2044 nostris
1401 1977 1861 2064 cotidianisque
1903 1979 2278 2060 rationibus,
2320 1978 2393 2044 in
2435 1983 2623 2045 tanto
2673 1979 2975 2065 imperio,

563 2088 700 2150 tam
739 2081 1101 2169 depravatis
1137 2079 1440 2161 moribus,
1477 2084 1616 2146 tam
1654 2082 2036 2167 corruptrice
2077 2082 2407 2168 provincia
2450 2081 2677 2148 divina
2704 2083 2973 2148 videan-

563 2190 674 2253 tur
728 2206 977 2251 necesse
1034 2186 1147 2250 est.
1266 2182 1452 2249 Haec
1514 2183 1837 2251 institutio
1895 2189 2089 2271 atque
2144 2184 2304 2252 haec
2359 2185 2704 2272 disciplina
2760 2190 2978 2272 potest

563 2288 873 2355 sustinere
906 2287 979 2351 in
1017 2285 1207 2352 rebus
1241 2286 1597 2353 statuendis
1640 2290 1706 2353 et
1743 2287 2156 2354 decernendis
2191 2311 2334 2355 eam
2371 2289 2804 2368 severitatem,
2844 2310 2980 2375 qua

566 2397 643 2459 tu
670 2393 739 2457 in
769 2391 849 2456 iis
875 2389 1065 2456 rebus
1091 2411 1243 2454 usus
1271 2411 1356 2469 es,
1387 2411 1471 2454 ex
1498 2388 1732 2475 quibus
1759 2412 1892 2457 non
1919 2390 2133 2457 nullas
2159 2391 2520 2458 simultates
2546 2413 2701 2457 cum
2726 2413 2979 2478 magna

566 2517 712 2562 mea
739 2493 986 2560 laetitia
1012 2495 1329 2578 susceptas
1357 2490 1701 2558 habemus:
1746 2493 1874 2559 nisi
1901 2494 2066 2560 forte
2093 2517 2198 2561 me
2226 2493 2495 2560 Paconii
2524 2495 2741 2562 nescio
2769 2496 2976 2577 cuius,

564 2598 843 2665 hominis
880 2618 963 2661 ne
999 2595 1227 2661 Graeci
1265 2596 1524 2681 quidem
1564 2618 1640 2662 ac
1680 2596 1860 2682 Mysi
1901 2601 2018 2664 aut
2058 2596 2344 2685 Phrygis
2383 2599 2624 2684 potius,
2670 2600 2980 2685 querellis

567 2701 808 2768 moveri
864 2704 1053 2783 putas
1113 2703 1227 2763 aut
1277 2697 1594 2778 Tuscenii,
1648 2698 1927 2765 hominis
1974 2699 2198 2767 furiosi
2248 2724 2322 2767 ac
2371 2702 2638 2781 sordidi,
2687 2702 2978 2782 vocibus,

567 2804 747 2870 cuius
795 2807 869 2867 tu
928 2824 1007 2866 ex
1064 2800 1510 2885 impurissimis
1560 2800 1857 2868 faucibus
1902 2803 2486 2871 inhonestissimam
2543 2804 2978 2890 cupiditatem

570 2905 859 2991 eripuisti
903 2926 1152 2968 summa
1192 2925 1340 2969 cum
1381 2904 1723 2989 aequitate.

697 3006 860 3074 VII.
909 3007 1012 3070 20.
1060 3005 1246 3071 Haec
1281 3009 1346 3072 et
1381 3011 1589 3072 cetera
1614 3007 1808 3093 plena
1834 3009 2206 3090 severitatis,
2238 3032 2401 3095 quae
2430 3009 2722 3076 statuisti
2748 3010 2824 3075 in
2852 3010 2984 3077 ista

568 3109 911 3198 provincia,
954 3130 1085 3173 non
1131 3107 1320 3173 facile
1361 3108 1499 3174 sine
1541 3132 1793 3175 summa
1832 3110 2206 3198 integritate
2225 3112 2792 3180 euntium-imus:
2849 3136 2984 3198 qua

569 3236 639 3280 re
675 3212 760 3278 sit
798 3231 1048 3276 summa
1085 3210 1156 3275 in
1193 3211 1332 3277 iure
1371 3210 1651 3278 dicundo
1679 3214 1997 3294 severitas,
2027 3216 2187 3281 dum
2224 3216 2416 3281 modo
2454 3238 2534 3281 ea
2570 3237 2658 3282 ne
2686 3216 2986 3283 varietur

574 3314 803 3404 gratia,
834 3313 945 3379 sed
973 3317 1375 3379 conservetur
1401 3313 1768 3399 aequabilis.
1858 3314 1988 3383 Sed
2015 3320 2233 3383 tamen
2270 3318 2458 3403 parvi
2495 3340 2567 3384 re
2604 3318 2738 3385 fert
2765 3318 2888 3385 abs
2917 3329 2987 3386 te

572 3419 711 3504 ipso
740 3417 840 3482 ius
866 3415 994 3480 dici
1023 3414 1438 3532 aequabiliter
1466 3421 1532 3482 et
1557 3416 1921 3504 diligenter,
1951 3419 2078 3485 nisi
2115 3420 2289 3486 idem
2328 3419 2470 3486 ab
2449 3421 2533 3486 iis
2570 3420 2709 3501 fiet,
2741 3422 2988 3508 quibus

574 3526 653 3588 tu
698 3520 835 3586 eius
883 3519 1163 3583 muneris
1211 3516 1494 3603 aliquam
1538 3524 1789 3605 partem
1839 3523 2228 3588 concesseris.
2340 3523 2445 3589 Ac
2489 3523 2658 3591 mihi
2710 3527 2988 3611 quidem

576 3624 830 3691 videtur
857 3642 988 3686 non
1017 3642 1167 3686 sane
1196 3642 1436 3705 magna
1467 3615 1735 3688 varietas
1762 3645 1894 3689 esse
1921 3625 2375 3711 negotiorum
2356 3649 2427 3691 m
2457 3628 2991 3696 administranda

578 3726 759 3806 Asia,
788 3724 901 3790 sed
927 3745 1004 3789 ea
1029 3722 1213 3789 tota‘
1193 3722 1351 3788 luris
1378 3722 1656 3789 dictione
1682 3726 1962 3791 maxime
1990 3727 2308 3794 sustineri
2392 3728 2479 3795 In
2509 3751 2643 3815 qua
2671 3733 2988 3800 scientiae

646 3879 1717 3946 18.d510etus]‘seleetio.n’'l'hisisthe
1879 3886 2652 3977 hominufurioaeiaonordo'di]
2747 3895 2984 3954 ‘alem

578 3948 912 4003 correctiorm
933 3944 1092 3994 ofthe
1113 3946 1608 4005 word‚notdeloetus.
1812 3950 2198 4014 orazyfellowss

646 4016 725 4064 19.
759 4017 979 4072 oorruptr
951 4009 1070 4072 ricc]
1136 4009 1304 4057 ‘odem
1275 4007 1545 4083 ora-lining!
1876 4017 2184 4075 cupiditatem
2288 4017 2394 4068 The
2445 4019 2625 4086 ‘thing
2665 4022 2897 4074 demed'
2944 4025 2992 4076 is

640 4074 891 4139 nntium]
973 4076 1053 4122 ‘to
1092 4072 1282 4121 bearn
1248 4088 1316 4134 up
1356 4071 1585 4136 against?
1635 4079 1717 4126 ‘to
1812 4079 1977 4128 rather
2007 4086 2142 4130 stran
2224 4100 2260 4147 y
2292 4083 2450 4133 called
2489 4086 2606 4137 ‘the
2642 4087 2869 4140 desire-⁹
2913 4093 2986 4142 ef.

576 4137 1033 4196 munterbalancez'
1069 4136 1137 4185 cf.
1164 4141 1388 4198 tueretur,
1416 4137 1546 4200 521.
1814 4141 1944 4194 Phil.
1971 4144 2058 4193 xiv
2063 4148 2148 4206 .8‚
2184 4150 2480 4200 Antonium
2461 4153 2848 4214 ins-'qaeoeodiunc
2881 4173 2987 4206 ouc-

641 4200 955 4331 malz]
988 4199 1169 4313 Thiznc
1145 4199 1365 4326 affixus
1400 4278 1503 4313 eum
1543 4281 1717 4329 magna
1810 4182 2126 4333 reamAamnii.
2131 4227 2225 4339 1⁹3,
2240 4212 2349 4326 2nd
2371 4216 2645 4279 Pomm
2671 4224 2889 4270 muna
2857 4237 2988 4271 a*

580 4350 683 4385 Μ
725 4332 925 4390 laetitia,
990 4329 1164 4377 ‘those
1210 4327 1508 4378 animcsities
1549 4331 1679 4381 whic
1680 4332 1715 4380 h
1877 4340 1957 4384 20.
1993 4347 2114 4386 sust
2095 4312 2244 4405 inari]
2318 4341 2434 4393 ‘the
2461 4343 2590 4394 bnlk
2616 4344 2676 4396 of
2703 4347 2797 4399 the
2819 4350 2990 4401 ducias

579 4395 834 4524 Ξξὲιξαγὲ
834 4393 1717 4548 indm-{edttoumyqreggellgggpdr
1810 4398 2986 4514 fflfioemmoeofmmmmiufflss

579 4527 666 4577 the
687 4520 974 4586 complaints
985 4519 1041 4570 cf
1047 4519 1287 4570 Paoomua
1300 4520 1942 4577 and'l'usomus.·1n
1960 4528 2078 4595 qua]
2143 4547 2214 4583 sc.
2239 4536 2369 4586 ino-ie
2388 4533 2614 4590 amiam.
2687 4539 2796 4593 ‘In
2817 4544 2992 4597 which
