3229 5145
981 475 1129 540 ΕΡ.
1177 475 1421 540 XXII.
1472 476 1705 561 (ATT.
1751 478 1814 542 Ι.
1862 478 1996 560 16.)
2566 480 2697 546 209

281 647 495 714 lorum
537 645 854 714 nobilium
898 648 1400 715 introductiones
1440 670 1575 716 non
1617 649 1818 716 nullis
1859 650 2179 717 iudicibus
2221 674 2339 737 pro
2385 654 2698 721 mercedis

280 750 540 818 cumulo
570 750 855 817 fuerunt.
947 750 1077 832 Ita,
1122 774 1373 819 summo
1402 752 1682 831 discessu
1709 753 2044 835 bonorum,
2088 755 2283 842 pleno
2314 756 2455 823 foro
2485 779 2694 824 servo·

280 877 450 935 rum,
494 876 638 921 xxv
682 856 924 922 iudices
969 856 1064 922 ita
1106 855 1304 923 fortes
1345 860 1565 924 tamen
1608 857 1895 939 fuerunt,
1940 862 2036 939 ut,
2082 881 2331 926 summo
2372 860 2700 947 proposito

281 958 587 1044 pericu10,
630 959 735 1025 vel
777 960 984 1045 perire
1023 959 1373 1027 maluerint
1412 982 1609 1046 quam
1651 963 1914 1047 perdere
1952 963 2187 1043 omnia,
2233 985 2404 1029 xxm
2433 964 2700 1031 fuerunt

282 1083 445 1148 quos
472 1060 679 1128 fames
705 1055 916 1149 magis
944 1084 1143 1148 quam
1170 1062 1346 1128 fama
1384 1064 1816 1131 commoverit.
1909 1063 2204 1136 Quorum
2235 1065 2507 1133 Catulus
2549 1090 2698 1134 cum

281 1164 548 1232 vidisset
574 1167 959 1251 quemdam:
995 1172 1012 1203 ‘
1038 1165 1217 1238 Quid
1245 1166 1401 1247 vos,'
1432 1167 1647 1252 inquit
1679 1172 1696 1204 ‘
1718 1169 2110 1253 praesidium
2138 1193 2177 1235 a
2198 1170 2384 1236 nobis
2411 1171 2695 1257 postula-

276 1266 448 1334 batis
469 1269 504 1333 Ρ
547 1291 632 1334 an
665 1292 749 1335 ne
783 1269 1036 1336 nummi
1070 1267 1251 1337 vobis
1294 1269 1695 1357 eriperentur
1743 1270 2136 1360 [timebatis]
2167 1274 2199 1338 Ρ
2221 1271 2238 1301 ’
2330 1276 2391 1339 6.
2441 1273 2693 1355 Habes,

278 1375 356 1438 ut
382 1371 752 1438 brevissime
778 1374 982 1459 potui,
1023 1395 1231 1461 genus
1257 1373 1483 1440 iudicii
1512 1377 1578 1441 et
1606 1396 1866 1440 causam
1893 1374 2332 1442 absolutionis.
2426 1378 2701 1449 Quaeris

280 1474 582 1558 deinceps
609 1477 722 1562 qui
751 1498 925 1542 nunc
954 1476 1041 1543 sit
1069 1480 1275 1543 status
1301 1498 1519 1543 rerum
1547 1481 1613 1544 et
1642 1478 1756 1564 qui
1783 1501 1985 1546 meus.
2076 1478 2205 1546 Rei
2231 1479 2526 1567 publicae
2569 1486 2697 1548 sta-

278 1582 425 1645 tum
447 1579 656 1661 illum,
688 1602 880 1667 quem
901 1584 977 1646 tu
998 1602 1142 1646 meo
1172 1579 1457 1661 consilio,
1488 1602 1610 1667 ego
1642 1581 1863 1648 divino
1893 1582 2342 1649 confirmatum
2361 1583 2695 1670 putabam,

277 1683 392 1768 qui
436 1682 753 1751 bonorum
796 1684 1088 1750 omnium
1131 1683 1580 1750 coniunctione
1625 1687 1691 1751 et
1725 1685 2126 1769 auctoritate,
2151 1687 2521 1753 consulatus
2561 1689 2692 1754 mei

276 1786 448 1853 fixus
476 1790 542 1853 et
570 1787 885 1853 fundatus
912 1786 1273 1868 videbatur,
1304 1786 1433 1853 nisi
1476 1786 1623 1873 quis
1650 1810 1767 1854 nos
1796 1789 1956 1856 deus
1997 1790 2369 1877 respexerit,
2401 1790 2694 1878 elapsum

276 1890 435 1957 scito
501 1912 634 1957 esse
694 1892 774 1957 de
817 1890 1117 1960 manibus
1157 1913 1291 1958 uno
1334 1890 1456 1957 hoc
1496 1890 1757 1973 iudicio,
1818 1892 1875 1959 si
1916 1893 2230 1960 iudicium
2274 1898 2371 1960 est
2414 1895 2692 1983 triginta

276 1992 571 2060 homines
597 1995 823 2082 populi
846 1994 1132 2061 Romani
1152 1994 1505 2062 levissimos
1533 2017 1608 2062 ac
1636 1995 2060 2081 nequissimos
2085 1998 2443 2064 nummulis
2471 2021 2690 2085 accep·

276 2097 365 2164 tis
392 2098 496 2164 ius
518 2121 590 2165 ao
613 2099 714 2165 fas
736 2121 925 2166 omne
951 2098 1181 2179 delere,
1213 2101 1299 2178 et,
1330 2098 1504 2184 quod
1524 2120 1748 2165 omnes
1768 2120 1900 2164 non
1921 2099 2112 2166 modo
2134 2100 2444 2182 homines,
2467 2125 2694 2169 verum

275 2201 476 2268 etiam
501 2203 776 2289 pecudes
805 2203 1051 2269 factum
1080 2224 1213 2269 esse
1241 2201 1467 2283 sciant,
1497 2201 1568 2267 id
1598 2201 1923 2268 Thalnam
1954 2207 2020 2268 et
2048 2202 2360 2270 Plautum
2387 2210 2455 2271 et
2482 2205 2690 2293 Spon-

275 2304 456 2392 giam
508 2309 575 2373 et
621 2311 859 2373 ceteras
901 2302 1096 2372 huiu's
1140 2304 1318 2371 modi
1364 2305 1745 2391 quisquilias
1803 2309 2083 2372 statuere
2146 2329 2505 2394 numquam
2555 2332 2691 2376 esse

275 2407 542 2475 factum.
634 2411 695 2476 7.
741 2409 871 2476 Sed
906 2414 1146 2491 tamen,
1186 2412 1264 2474 ut
1299 2412 1365 2474 te
1404 2410 1486 2475 de
1523 2432 1594 2475 re
1628 2408 1889 2495 publica
1927 2410 2230 2492 consoler,
2278 2433 2412 2478 non
2451 2412 2565 2493 ita,
2610 2418 2689 2479 ut

273 2517 610 2599 sperarunt
659 2513 835 2594 mali,
880 2517 1064 2580 tanto
1107 2512 1407 2599 imposito
1456 2511 1550 2579 rei
1599 2512 1895 2600 publicae
1942 2513 2228 2596 vulnere,
2283 2514 2510 2582 alacris
2574 2537 2684 2583 ex·

275 2616 476 2684 sultat
529 2617 907 2704 improbitas
960 2618 1034 2683 in
1082 2617 1367 2684 victoria.
1456 2615 1637 2682 Nam
1684 2615 1880 2703 plane
1929 2616 2025 2683 ita
2073 2623 2486 2705 putaverunt,
2536 2641 2684 2687 cum

272 2720 522 2807 religiO,
587 2743 735 2787 cum
776 2721 1106 2807 pudicitia,
1173 2741 1322 2786 cum
1363 2719 1751 2786 iudiciorum
1796 2720 1976 2802 fides,
2038 2744 2185 2794 cum
2229 2727 2491 2789 senatus
2534 2746 2682 2790 auc-

270 2824 500 2889 toritas
548 2825 939 2906 concidisset,
986 2825 1121 2890 fore
1162 2827 1240 2889 ut
1270 2827 1488 2909 aperte
1514 2823 1748 2890 victrix
1775 2824 2067 2911 nequitia
2110 2847 2184 2891 ao
2211 2825 2413 2892 libido
2444 2848 2686 2913 poenas

271 2924 355 2993 ab
396 2927 639 3013 optimo
680 2951 933 3015 quoque
971 2930 1216 3014 peteret
1254 2927 1355 2993 sui
1398 2928 1653 3008 doloris,
1700 2950 1893 3014 quem
1936 2928 2410 3014 improbissimo
2448 2931 2677 3018 cuique

268 3029 588 3097 inusserat
628 3032 929 3097 severitas
973 3031 1338 3097 consulatus
1373 3030 1521 3098 mei.
1599 3032 1662 3096 8.
1709 3031 1899 3098 Idem
1938 3054 2062 3119 ego
2099 3032 2453 3113 ille,—non
2505 3036 2681 3103 enim

268 3131 431 3198 mihi
459 3134 682 3201 videor
707 3135 1057 3213 insolenter
1091 3133 1377 3220 gloriari,
1422 3156 1569 3201 cum
1608 3135 1691 3202 de
1733 3157 1839 3202 me
1874 3136 2052 3222 apud
2093 3140 2159 3202 te
2193 3137 2440 3223 loquor,
2478 3137 2552 3202 in
2599 3161 2680 3204 ea

267 3237 643 3324 praesertim
680 3237 968 3325 epistola,
1014 3259 1210 3323 quam
1239 3238 1389 3304 nolo
1430 3238 1575 3304 aliis
1607 3238 2045 3325 legi,-idem,
2085 3240 2373 3327 inquam,
2417 3263 2541 3329 ego
2577 3264 2678 3308 re-

264 3341 476 3407 creavi
504 3341 794 3409 adflictos
821 3342 1070 3408 animos
1097 3340 1433 3423 bonorum,
1463 3364 1671 3408 unum
1699 3364 2018 3432 quemque
2047 3344 2451 3424 confirmans,
2496 3346 2668 3411 exci-

264 3448 429 3510 tans.
477 3443 881 3512 Insectandis
909 3467 1058 3518 vero
1095 3444 1628 3533 exagitandisque
1655 3446 2038 3514 nummariis
2065 3447 2386 3514 iudicibus
2416 3470 2678 3516 omnem

328 3746 507 3780 summo
550 3730 778 3797 discessu]
849 3737 862 3760 ‘
884 3746 916 3781 a
961 3731 1201 3794 complete
1245 3730 1412 3795 disap-
1516 3730 1736 3798 through
1773 3749 1867 3784 our
1898 3733 2119 3799 fingere!
2206 3734 2298 3798 Cp.
2334 3737 2673 3796 rempublicam

264 3809 445 3870 pean-an„
347 3862 408 3910 5⁰
445 3795 540 3857 ee,’
565 3795 668 3846 like
704 3796 944 3860 ἐπίλειψις
979 3798 1143 3860 σαφὴς
1174 3796 1231 3845 in
1251 3796 1410 3848 Thuc.
1504 3799 1745 3911 suadit?
1760 3798 2256 3913 mwm'PElzpflffii‘
2270 3801 2336 3875 ‚1⁴⁵
2342 3837 2371 3912 5,
2409 3803 2672 3917 237an

264 3875 319 3909 ιι.
415 3896 428 3909 .
1516 3879 1689 3913 amun
1713 3881 1731 3912 ι
1814 3880 1870 3913 ae
1935 3881 1980 3913 m
2092 3902 2105 3913 .
2233 3900 2244 3912 .
2265 3879 2322 3912 ιι.
2484 3901 2497 3913 .

328 3940 442 3987 quoe
462 3923 649 3990 sames]
720 3924 804 3975 ‘in
824 3924 990 3975 whom
1011 3929 1221 3992 poverty
1243 3940 1347 3976 was
1378 3942 1410 3977 a
1586 3880 1847 3994 Thalnam]
1904 3901 2168 3992 Fic'titious
2187 3943 2356 3979 names
2375 3898 2429 3977 'co
2449 3927 2673 3983 indicate

264 3991 487 4054 stronger
507 3990 691 4040 motive
712 3989 835 4040 than
855 3990 1133 4055 principle!
1513 3992 1600 4042 the
1621 3992 1719 4043 low
1734 3992 1896 4057 origin
1917 3993 1971 4042 of
1992 3993 2078 4044 the
2093 3995 2302 4060 judges;
2340 4008 2395 4042 as
2413 4009 2489 4044 we
2503 3996 2668 4061 might

330 4054 620 4120 [timebatis]
710 4053 738 4104 Ι
791 4055 920 4105 have
974 4055 1207 4107 foUowed
1252 4054 1409 4107 Cobet
1513 4072 1623 4122 say,
1653 4060 1667 4086 ‘
1683 4057 1881 4123 Hodge,
1906 4057 2089 4122 Nokes,
2115 4060 2213 4109 and
2238 4058 2441 4124 Sty-les!

262 4116 448 4169 Mnem.
475 4118 583 4170 viii.
609 4122 720 4178 464,
757 4121 856 4170 and
876 4120 993 4170 Var.
1028 4119 1167 4171 Lect.
1202 4122 1316 4184 475,
1352 4121 1410 4171 in
1577 4125 1627 4172 8.
1663 4125 1779 4172 aliis
1809 4121 1929 4188 kyi]
2000 4129 2084 4174 ‘to
2115 4124 2177 4174 be
2208 4124 2324 4173 read
2353 4131 2398 4172 to
2429 4123 2623 4176 others:
2645 4128 2660 4152 '

259 4182 548 4248 bracketing
569 4200 624 4234 as
645 4201 676 4235 a
697 4184 1113 4250 glossthisword.
1166 4184 1274 4236 The
1297 4201 1410 4236 sen-
1510 4185 1579 4237 cf.
1614 4187 1723 4238 Att.
1756 4186 1863 4238 xvi.
1891 4190 1967 4250 13,
1999 4192 2061 4247 13
2103 4187 2244 4238 Fam.
2269 4188 2340 4238 ix.
2371 4192 2415 4252 1,
2455 4193 2511 4238 1:
2554 4197 2569 4221 ⁸
2588 4190 2666 4242 To

258 4255 399 4298 tenco
436 4248 481 4298 is
514 4249 665 4299 much
699 4265 832 4300 more
868 4249 1065 4315 elegant
1095 4250 1309 4302 without
1346 4250 1405 4301 it.
1508 4251 1572 4302 be
1612 4253 1732 4303 read
1774 4254 1837 4316 by
1868 4252 2034 4304 others
2054 4253 2068 4278 ’
2116 4253 2284 4304 would
2326 4253 2389 4304 be
2429 4255 2516 4303 ‘ab
2550 4256 2663 4307 aliis

260 4310 415 4362 Cobet
449 4320 624 4379 quotes
661 4314 776 4365 Seu.
814 4314 910 4377 Ep.
944 4317 1022 4375 97,
1055 4319 1102 4376 6,
1132 4315 1248 4366 who
1270 4315 1411 4380 gives
1510 4315 1654 4382 legi)

258 4376 343 4453 the
364 4394 496 4429 same
517 4385 612 4428 mot
634 4378 690 4429 in
709 4379 795 4430 the
817 4396 949 4431 same
970 4382 1149 4443 words,
1174 4379 1408 4446 omitting
1572 4398 1754 4434 omnem
1779 4419 1792 4433 .
1822 4419 1835 4433 .
1863 4419 1877 4432 .
1897 4381 2203 4498 παρρησίανέ
2233 4385 2247 4412 ‘
2263 4381 2292 4432 1
2313 4382 2410 4434 left
2423 4383 2557 4433 them
2573 4389 2664 4435 not

260 4443 511 4494 emebatio.
1506 4462 1541 4496 a
1571 4450 1710 4498 word
1742 4455 1796 4498 to
1829 4448 1954 4511 say‚’
2029 4447 2086 4496 ‘I
2118 4449 2169 4498 di
2236 4454 2325 4500 not
2349 4449 2488 4500 leave
2521 4449 2660 4501 them

324 4510 372 4556 6.
408 4508 716 4575 auctoritate]
786 4511 1111 4574 ‘precedent.'
1507 4511 1640 4564 their
1663 4512 1801 4577 right
1830 4511 1886 4562 of
1911 4511 2127 4575 speech!

320 4574 531 4635 elapsum
580 4610 593 4623 .
638 4609 654 4625 .
698 4611 711 4624 .
759 4577 815 4624 do
850 4575 1093 4643 manibus]
1176 4581 1190 4605 ⁴
1214 4574 1406 4640 slipped

1433 4676 1476 4723 P
