3229 5145
963 456 1108 521 ΕΡ.
1155 453 1280 518 LI.
1329 452 1558 539 (ATT.
1603 453 1709 517 Π.
1756 453 1890 539 24.)
2545 455 2671 521 319

262 651 431 711 rem,
458 628 515 695 si
541 652 644 696 me
672 651 849 695 amas
875 632 1151 709 tantum,
1182 630 1500 713 quantum
1526 624 1813 712 profecto
1840 648 2053 693 amas:
2085 627 2139 692 si
2160 627 2418 708 dormis,
2448 649 2672 714 exper-

268 733 548 820 giscere:
593 732 649 799 si
690 737 837 812 stas,
881 732 1256 825 ingredere:
1302 729 1358 796 si
1384 728 1759 816 ingrederis,
1804 753 2025 796 ourre:
2071 730 2125 796 si
2167 731 2383 811 curris,
2423 730 2670 797 advola.

273 835 594 903 Credibile
622 859 756 902 non
785 840 881 903 est
911 839 1226 922 quantum
1257 855 1378 922 ego
1407 832 1479 899 in
1508 832 1788 899 consiliis
1829 837 1894 899 et
1921 833 2266 919 prudentia
2292 839 2425 914 tua,
2471 836 2674 920 quod-

268 962 399 1026 que
424 939 778 1010 maximum
808 944 923 1020 est,
967 942 1284 1025 quantum
1322 937 1393 1002 in
1433 958 1648 1002 amore
1691 939 1758 1002 et
1785 936 1912 1001 fide
1940 957 2194 1022 ponam.
2283 936 2675 1024 Magnitudo

273 1042 368 1109 rei
394 1042 656 1129 longam
685 1042 1036 1108 orationem
1063 1041 1328 1126 fortasse
1355 1039 1692 1120 desiderat,
1737 1039 2094 1105 coniunctio
2126 1061 2273 1106 vero
2315 1048 2676 1108 nostrorum

270 1144 635 1212 animorum
675 1145 986 1213 brevitate
1041 1147 1343 1211 contente
1395 1146 1513 1211 est.
1629 1142 1982 1230 Pel-magni
2019 1147 2240 1210 nostra
2280 1143 2546 1211 interest
2587 1149 2675 1228 te,

268 1248 331 1315 si
370 1248 643 1315 comitiis
686 1271 818 1315 non
860 1246 1188 1335 potuer-iss
1211 1250 1281 1314 at
1323 1247 1640 1314 declarato
1681 1246 1795 1313 illo
1840 1269 1973 1314 esse
2015 1245 2280 1314 Romae.
2387 1247 2560 1315 Oura
2600 1253 2677 1317 ut

279 1351 512 1419 valeas.
1250 1364 1261 1373 ”

620 1636 743 1704 LI.
833 1635 950 1705 ΤΟ
994 1636 1420 1719 ATTIGUS,
1465 1659 1542 1703 m
1585 1636 1851 1704 Brutus
1896 1637 2084 1723 (Ar-r.
2117 1660 2191 1705 11.
2228 1640 2337 1726 24.)

723 1846 929 1906 noun,
975 1847 1038 1891 A.
1070 1846 1138 1892 u.
1171 1846 1227 1890 c.
1274 1844 1368 1893 695
1393 1848 1411 1906 3
1457 1846 1518 1891 Β.
1553 1847 1608 1891 c.
1657 1846 1763 1907 ⁶⁹3
1808 1847 1958 1892 mr.
1992 1848 2110 1892 οπο.
2156 1847 2240 1898 47.

372 2010 451 2063 De
471 2026 663 2062 summo
682 2010 922 2063 dedderio
935 2010 1108 2074 Attici,
1134 2012 1196 2062 de
1212 2010 1367 2062 Vettii
1388 1993 1573 2062 indicio
1592 2010 1723 2062 falso
1742 2011 1799 2062 in
1821 2010 2085 2064 Curionem
2105 2013 2326 2081 aliosque
2346 2015 2677 2068 adolescentes

272 2098 329 2144 et
348 2094 410 2144 de
430 2098 631 2144 senatus
652 2093 875 2143 consulto
895 2092 951 2143 in
970 2092 1194 2144 Vettium
1215 2092 1367 2155 facto,
1401 2097 1459 2143 ut
1478 2093 1539 2149 is.
1573 2094 1706 2158 quod
1735 2094 1986 2144 confessus
2011 2102 2144 2146 esset
2168 2113 2221 2146 se
2246 2113 2360 2147 cum
2385 2097 2486 2148 telo
2505 2097 2676 2161 fuisse,

274 2175 331 2225 in
350 2174 555 2227 vincula
585 2174 921 2234 conficeretur,
957 2176 1019 2225 de
1039 2173 1209 2225 Vettio
1240 2190 1272 2225 a
1294 2173 1351 2224 G.
1378 2174 1582 2225 Caesare
1610 2174 1666 2223 in
1693 2174 1970 2225 contionem
1995 2177 2232 2239 producto
2261 2177 2465 2243 eiusque
2494 2178 2678 2230 indicio

276 2272 377 2307 non
410 2256 633 2321 paullum
664 2256 923 2307 immutato
959 2262 1011 2307 et
1036 2257 1091 2306 in
1123 2255 1246 2306 alios
1279 2254 1517 2319 homines,
1554 2255 1838 2318 Lucullum,
1871 2255 1929 2306 C.
1965 2255 2257 2320 Domitium,
2299 2258 2353 2308 in
2391 2274 2443 2310 se
2481 2275 2678 2325 quoque

277 2352 525 2399 convemo,
558 2339 618 2389 de
638 2339 808 2388 eodem
829 2337 996 2389 Vettio
1015 2352 1098 2387 reo
1118 2338 1251 2402 apud
1275 2337 1507 2388 Crassum
1537 2338 1598 2388 de
1621 2336 1690 2401 vi,
1725 2337 1787 2386 de
1819 2337 2105 2389 condicione
2124 2338 2259 2390 vitae
2288 2355 2422 2399 suae,
2457 2341 2519 2392 de
2549 2341 2674 2392 desi·

270 2417 410 2470 derio
428 2418 601 2470 Attici.

1092 2575 1363 2646 ‚menno
1400 2574 1662 2630 unco
1700 2574 1850 2630 sAL.

412 2703 475 2768 1.
521 2701 701 2774 Quas
741 2701 1081 2768 Numestio
1124 2700 1368 2767 litteras
1410 2700 1580 2781 dedi,
1626 2700 1714 2767 sio
1755 2704 1820 2766 te
1863 2701 1943 2767 iis
1985 2701 2342 2783 evocabam,
2392 2709 2468 2769 ut
2510 2704 2678 2770 nihil

276 2804 486 2871 aerius
533 2828 742 2891 neque
787 2804 1113 2871 incitatius
1162 2804 1301 2871 fleri
1346 2807 1574 2890 posset.
1688 2803 1800 2870 Ad
1844 2805 2025 2870 illam
2070 2804 2456 2872 celeritatem
2513 2808 2678 2874 adde

279 2909 495 2989 etiam,
539 2908 595 2975 si
622 2908 779 2994 quid
805 2911 1006 2994 potes.
1092 2907 1196 2975 Ao
1221 2931 1304 2974 ne
1339 2909 1424 2974 sis
1451 2907 1898 2994 perturbatus:
1943 2909 2097 2974 novi
2131 2908 2304 2975 enim
2342 2913 2407 2975 te
2451 2914 2517 2976 et
2544 2933 2675 2978 non

282 3013 507 3101 ignoro

742 3155 921 3216 quam
949 3136 1030 3198 sit
1059 3155 1229 3198 amor
1256 3137 1447 3198 omnis
1474 3136 1765 3198 sollicitus
1792 3138 1969 3214 atque
2001 3136 2235 3212 anxius,

280 3299 394 3366 sed
411 3320 513 3364 res
539 3299 655 3375 est,
685 3300 761 3362 ut
781 3317 983 3381 spel-0,
1012 3317 1143 3361 non
1166 3297 1301 3361 tam
1328 3293 1509 3361 exitu
1534 3294 1802 3360 molesta
1830 3316 2024 3379 quam
2053 3295 2253 3361 aditu.
2328 3296 2392 3361 2.
2417 3295 2678 3365 Vettius

282 3403 414 3483 ille,
458 3401 568 3467 ille
610 3405 824 3466 noster
864 3399 1079 3480 index,
1125 3397 1400 3479 Caesari,
1445 3402 1521 3465 ut
1561 3398 1994 3485 perspicimus,
2044 3398 2365 3484 pollicitus
2408 3403 2503 3466 est
2544 3424 2677 3468 sese

349 3577 561 3638 quodque
581 3571 866 3637 maximum]
921 3571 965 3621 is
985 3578 1038 3622 to
1059 3572 1121 3621 be
1140 3571 1291 3621 taken
1307 3570 1431 3621 with
1531 3571 1642 3622 love
1663 3573 1717 3620 Ic
1735 3573 1778 3619 ὄσ
1802 3577 1848 3620 to
1870 3571 1922 3619 be
1943 3573 2013 3620 all
2025 3574 2160 3620 made
2181 3572 2374 3635 ofeiqlu
2394 3574 2496 3621 and
2508 3574 2672 3623 toan!

286 3639 372 3691 the
392 3656 452 3689 su
572 3644 694 3688 uent
712 3638 888 3687 wonds.
1594 3638 1733 3685 aditu
1839 3635 1911 3685 ‘it
1939 3635 1983 3685 is
2015 3636 2219 3699 turning
2251 3644 2337 3686 out
2365 3636 2420 3686 in
2448 3637 2513 3686 its
2545 3639 2677 3688 issue

350 3707 554 3754 comitiis
648 3705 724 3752 for
744 3702 829 3752 the
854 3700 1103 3751 tribunate
1128 3700 1296 3752 which
1317 3699 1431 3752 Clo·
1530 3705 1618 3750 not
1640 3717 1694 3749 so
1753 3700 1763 3710 '
1791 3700 2002 3764 tressing
2022 3717 2077 3751 as
2099 3701 2140 3750 it
2161 3702 2350 3750 seemed
2373 3702 2529 3766 likely
2542 3708 2594 3752 to
2615 3703 2677 3753 be

284 3768 400 3819 dius
423 3784 526 3818 was
547 3767 765 3830 seeking.
1529 3772 1584 3815 at
1604 3766 1671 3814 its
1693 3765 1994 3828 beginning:
2017 3765 2031 3789 '
2067 3781 2147 3815 see
2169 3767 2297 3814 Adn.
2323 3764 2446 3816 erit.

350 3836 588 3883 declarato
670 3832 815 3881 when
836 3829 961 3880 heis
981 3829 1206 3880 decffld
1222 3830 1426 3891 elected,
1598 3834 1646 3878 2.
1697 3831 1879 3878 Vettius
1918 3832 2012 3890 ille,
2055 3831 2134 3878 illo
2171 3838 2330 3878 nostor
2366 3830 2529 3895 index]
2595 3831 2676 3880 Bo

287 3898 379 3949 but
408 3897 579 3949 before
647 3913 674 3946 e
706 3904 868 3946 enters
899 3910 963 3944 on
990 3895 1070 3944 his
1101 3895 1257 3945 office.
1325 3893 1433 3944 The
1531 3893 1632 3943 had
1670 3893 2029 3957 distinguished
2062 3894 2266 3943 himself
2298 3910 2353 3944 as
2387 3911 2419 3944 a
2452 3912 2544 3960 spy
2578 3901 2673 3946 and

285 3963 495 4014 election
517 3962 635 4012 took
656 3961 792 4024 place
813 3960 868 4008 in
888 3959 974 4009 the
996 3959 1176 4009 middle
1208 3957 1264 4009 of
1289 3958 1429 4023 July,
1530 3958 1769 4008 informer
1811 3959 1941 4008 after
1982 3957 2068 4008 the
2112 3959 2326 4008 Catiline
2368 3961 2670 4025 conspiracy.

288 4045 335 4078 a.
359 4030 409 4078 d.
434 4030 519 4077 moi
542 4028 661 4076 Kal.
690 4028 842 4084 Sext„
880 4026 986 4073 Att.
1013 4024 1049 4073 i.
1081 4027 1122 4082 1,
1154 4028 1197 4085 1,
1233 4023 1324 4073 but
1344 4024 1431 4073 the
1530 4022 1639 4073 The
1679 4029 1789 4072 true
1830 4029 2005 4072 nature
2048 4022 2104 4072 of
2136 4023 2237 4072 this
2279 4023 2386 4086 plot
2420 4023 2510 4073 has
2554 4025 2675 4076 been

288 4091 510 4142 tribunes
538 4092 624 4141 did
651 4097 740 4140 not
770 4094 911 4140 enter
936 4104 1001 4139 on
1032 4088 1163 4139 their
1183 4088 1322 4138 office
1351 4087 1431 4138 till
1530 4087 1782 4151 variously
1796 4086 2059 4137 conceived
2073 4088 2140 4152 by
2158 4087 2383 4138 different
2395 4088 2675 4140 historiam.

290 4156 561 4207 December
586 4159 663 4206 10.
1530 4152 1630 4201 Mr.
1655 4151 1865 4202 Watson
1896 4151 2014 4202 thus
2045 4167 2178 4201 sums
2210 4168 2278 4215 up
2300 4152 2386 4203 the
2419 4153 2677 4217 divergent

1530 4216 1788 4280 opinions:
1849 4222 1862 4246 ‘
1880 4216 2155 4266 Mommsen
2209 4219 2276 4277 (4,
2323 4219 2435 4282 206)
2483 4226 2677 4282 accepts

356 4289 400 4335 1.
438 4287 575 4335 illam
596 4281 902 4349 celerinum]
970 4284 985 4311 ⁴
999 4280 1085 4332 the
1103 4281 1250 4346 speed
1268 4278 1297 4329 1
1310 4279 1433 4331 then
1534 4280 1753 4331 Cicero's
1774 4287 1982 4331 account
2004 4280 2059 4329 of
2077 4281 2163 4330 the
2183 4281 2341 4330 affair.
2423 4282 2529 4332 The
2551 4282 2673 4334 Em·

288 4348 558 4415 enjoined)
1532 4360 1676 4409 peror
1707 4345 1963 4409 Napoleon
1999 4344 2106 4395 ΙΙΙ.
2143 4345 2314 4458 ἳθὸωι·
2335 4345 2369 4397 i.
2398 4350 2506 4409 399,
2543 4348 2677 4411 fon.)

289 4494 321 4529 ι.
336 4412 777 4529 ὅπωὲῗωωωέο
798 4408 1433 4540 «ιῖᾚῗῖἒῇἓέἒῗὲἓ,
1532 4409 2352 4526 «ι’ῗηωᾶδωῗῡὲξῗῖῶῗέηξὲἰέ
2359 4411 2678 4528 ‘sam

286 4542 491 4610 happily
512 4545 726 4607 renders,
769 4546 782 4571 ‘
799 4543 826 4593 1
859 4547 1040 4594 cannot
1064 4541 1230 4607 ἔοι-εστ
1250 4540 1362 4592 that
1382 4548 1434 4592 to
1533 4538 1637 4590 virs
1650 4492 1862 4593 withoyut
1876 4540 1960 4590 the
1977 4538 2265 4605 knowledge
2287 4541 2341 4592 of
2356 4540 2486 4593 their
2499 4542 2677 4596 ehieh.
