3229 5145
528 470 652 534 166
881 506 886 510 -
1146 469 1294 534 ΕΡ.
1341 470 1512 533 XII.
1566 470 1726 554 (DE
1763 462 1968 534 PET.
2023 467 2307 551 CONS.)

522 642 624 708 tui
669 640 1088 720 constitueris,
1134 642 1205 706 in
1256 643 1500 728 optima
1550 664 1662 729 spe
1711 665 1843 708 esse
1890 640 2167 708 debebis.
2275 641 2379 705 33.
2433 637 2581 704 Iam
2627 636 2919 723 equitum

521 745 845 811 centuriae
896 745 1102 810 multo
1159 743 1411 810 facilius
1467 745 1631 811 mihi
1688 745 2028 832 diligentia
2083 766 2266 831 posse
2320 742 2526 809 teneri
2574 740 2916 807 videntur:

519 848 802 935 primum
845 846 1205 934 cognoscito
1251 849 1537 934 equites:
1598 849 1787 934 pauci
1838 849 2012 914 enim
2062 851 2253 914 sunt:
2316 845 2549 913 deinde
2597 844 2916 929 appetito:

519 951 727 1017 multo
792 949 966 1016 enim
1027 950 1280 1016 facilius
1336 952 1452 1017 illa
1509 952 2124 1018 adolescentulorum
2181 951 2266 1016 ad
2323 948 2674 1014 amicitiam
2744 950 2921 1012 aetas

520 1054 920 1141 adiungitur.
1009 1053 1266 1120 Deinde
1294 1053 1492 1121 habes
1521 1059 1734 1122 tecum
1763 1078 1845 1121 ex
1872 1055 2208 1121 iuventute
2253 1053 2572 1139 optimum
2602 1071 2921 1135 quemque

519 1163 587 1223 et
623 1158 1157 1224 studiosissimum
1190 1158 1633 1225 humanitatis.
1724 1158 1895 1225 Tum
1944 1163 2182 1239 autem,
2228 1157 2403 1243 quod
2441 1159 2731 1240 equester
2763 1153 2921 1218 ordo

519 1266 672 1327 tuus
707 1265 823 1342 est,
871 1266 1218 1347 sequentur
1244 1262 1345 1327 illi
1380 1263 1826 1329 auctoritatem
1861 1262 2107 1329 ordinis
2148 1261 2204 1327 si
2240 1260 2354 1326 abs
2400 1263 2467 1325 te
2510 1254 2924 1323 adhibebitur

522 1388 600 1431 ea
640 1365 1002 1451 diligentia,
1047 1369 1122 1430 ut
1156 1388 1289 1431 non
1326 1367 1568 1432 ordinis
1610 1367 1818 1433 solum
1851 1366 2205 1445 voluntate,
2249 1365 2363 1430 sed
2390 1362 2586 1428 etiam
2630 1359 2920 1445 singulo·

520 1491 669 1535 rum
725 1468 1026 1535 amicitiis
1096 1491 1203 1534 eas
1274 1470 1591 1535 centurias
1662 1470 2072 1536 confirmatas
2126 1466 2383 1534 habeas.
2501 1464 2651 1530 Iam
2708 1463 2925 1529 studia

520 1571 1142 1639 adolescentulorum
1198 1573 1267 1638 in
1313 1574 1754 1659 suffragando,
1798 1574 1871 1639 in
1915 1572 2229 1651 obeundo,
2287 1571 2358 1636 in
2414 1561 2799 1647 nuntiando,
2850 1566 2924 1632 in

518 1676 909 1742 adsectando
951 1676 1217 1741 mirifice
1260 1681 1325 1742 et
1367 1699 1608 1763 magna
1651 1682 1718 1743 et
1759 1678 2029 1743 honesta
2072 1679 2241 1742 sunt.

654 1778 786 1844 IX.
836 1781 937 1843 34.
986 1779 1080 1844 Et
1109 1780 1414 1864 quoniam
1443 1781 1893 1846 adsectationis
1921 1779 2165 1845 mentio
2195 1778 2366 1844 facta
2410 1781 2526 1857 est,
2569 1777 2641 1842 id
2669 1796 2923 1861 quoque

526 1884 882 1949 curandum
927 1887 1043 1962 est,
1087 1887 1163 1948 ut
1206 1883 1528 1949 cotidiana
1571 1884 1876 1970 cuiusque
1921 1882 2173 1969 generis
2216 1887 2282 1948 et
2310 1880 2553 1948 ordinis
2596 1885 2663 1945 et
2695 1878 2924 1945 aetatis

525 1972 711 2052 utare
756 1986 1139 2071 frequentia.
1229 1986 1406 2053 Nam
1454 2010 1534 2053 ex
1578 2010 1656 2052 ea
1696 1988 1835 2073 ipsa
1878 1986 2061 2073 copia
2103 1987 2465 2052 coniectura
2506 1985 2645 2049 fieri
2685 1982 2925 2069 poterit

522 2093 843 2175 quantum
871 2090 956 2155 sis
983 2090 1054 2154 in
1081 2089 1220 2176 ipso
1263 2113 1487 2178 campo
1515 2092 1753 2157 virium
1785 2114 1859 2157 ac
1897 2091 2226 2157 facultatis
2253 2088 2609 2155 habiturus.
2699 2086 2924 2152 Huius

527 2196 744 2257 autem
773 2192 867 2258 rei
895 2196 1026 2258 tres
1067 2197 1280 2279 partes
1323 2199 1510 2260 sunt:
1549 2217 1684 2260 una
1711 2195 2134 2261 salutatorum
2163 2215 2310 2259 cum
2338 2192 2603 2257 domum
2631 2190 2921 2267 veniunt,

526 2295 729 2360 altera
758 2295 1200 2376 deductorum,
1230 2297 1424 2363 tertia
1452 2299 1939 2363 adsectatorum.
2031 2297 2135 2362 35.
2181 2295 2268 2362 In
2296 2292 2768 2373 salutatoribus,
2810 2293 2922 2378 qui

524 2399 734 2486 magis
762 2399 1063 2486 vulgares
1091 2403 1242 2467 sunt
1270 2407 1335 2467 et
1363 2400 1482 2466 hac
1511 2401 1986 2478 consuetudine,
2022 2422 2187 2485 quae
2214 2422 2388 2465 nuno
2417 2403 2533 2479 est,
2573 2398 2788 2484 plures
2815 2419 2921 2461 ve-

525 2504 736 2584 niunt,
780 2501 901 2568 hoo
944 2504 1343 2570 efficiendum
1372 2508 1487 2584 est,
1533 2510 1610 2570 ut
1637 2504 1756 2571 hoc
1783 2505 1997 2592 ipsum
2027 2504 2369 2569 minimum
2398 2502 2676 2568 officium
2704 2521 2923 2566 eorum

526 2605 649 2672 tibi
678 2606 1119 2692 gratissimum
1144 2631 1278 2675 esse
1305 2610 1619 2675 videatur.
1713 2609 1845 2681 Qui
1875 2609 2141 2675 domum
2170 2611 2350 2673 tuam
2371 2606 2652 2684 venient,
2681 2605 2762 2671 iis
2790 2605 2920 2691 sig·

527 2710 786 2776 nificato
814 2714 882 2777 te
911 2712 1456 2778 animadvertere:
1504 2734 1727 2778 eorum
1756 2711 1976 2777 amicis
2004 2712 2120 2796 qui
2146 2711 2278 2776 illis
2304 2710 2678 2776 renuntient
2710 2713 2919 2775 osten-

530 2813 686 2893 dito,
740 2836 926 2900 saepe
968 2815 1124 2901 ipsis
1166 2815 1379 2881 dicito.
1490 2815 1597 2881 Sic
1639 2814 1931 2880 homines
1974 2837 2179 2901 saepe,
2238 2837 2385 2879 cum
2427 2812 2668 2879 obeunt
2709 2812 2923 2898 plures

530 2917 971 3002 competitores
1015 2923 1080 2983 et
1108 2918 1331 2983 vident
1359 2941 1564 2984 unum
1591 2941 1724 2984 esse
1762 2919 2044 3004 aliquem
2072 2918 2186 3004 qui
2212 2917 2369 2984 haec
2412 2918 2618 2982 officia
2643 2916 2922 2981 maxime

529 3019 1018 3099 animadvertat,
1066 3022 1125 3086 ei
1169 3043 1234 3086 se
1278 3022 1542 3101 dedunt,
1589 3023 1892 3088 deserunt
1926 3027 2181 3102 ceteros,
2224 3021 2597 3088 minutatim
2639 3043 2720 3086 ex
2753 3041 2922 3084 com·

528 3121 836 3188 munibus
863 3124 1124 3209 proprii,
1156 3147 1234 3189 ex
1264 3125 1498 3191 fucosis
1525 3125 1696 3190 firmi
1726 3126 2180 3213 suffragatores
2208 3126 2507 3191 evadunt.
2582 3122 2731 3189 Iam
2758 3123 2924 3188 illud

527 3231 746 3290 teneto
773 3226 1136 3312 diligenter,
1182 3227 1237 3291 si
1280 3250 1447 3308 eum,
1495 3230 1607 3314 qui
1649 3229 1772 3295 tibi
1816 3229 2196 3314 promiserit,
2242 3228 2520 3293 audieris
2540 3222 2803 3305 fucum,
2847 3233 2924 3290 ut

529 3329 782 3408 dicitur,
814 3329 1020 3394 facere
1050 3335 1164 3395 aut
1194 3333 1477 3412 senseris,
1509 3338 1583 3399 ut
1611 3339 1677 3399 te
1706 3334 1776 3398 id
1805 3334 2061 3398 audisse
2091 3336 2204 3398 aut
2237 3333 2391 3397 scire
2420 3330 2820 3409 dissimules3
2867 3330 2921 3395 si

506 3432 643 3518 'qui
669 3432 791 3498 tibi
821 3455 887 3497 se
915 3455 1189 3519 purgare
1218 3436 1409 3515 volet,
1441 3439 1614 3522 quod
1642 3443 2009 3522 suspectum
2039 3459 2170 3502 esse
2214 3458 2280 3500 se
2319 3434 2684 3513 arbitretur,
2729 3433 2922 3498 adfir-

528 3558 663 3601 mes
688 3541 754 3601 te
784 3537 865 3602 de
893 3536 1070 3601 illius
1100 3537 1430 3604 voluntate
1457 3562 1815 3626 numquam
1846 3539 2169 3606 dubitasse
2201 3561 2320 3604 neo
2349 3537 2575 3604 debere
2605 3537 2917 3603 dubitare.

530 3637 600 3703 Is
643 3640 836 3719 enim,
879 3640 992 3725 qui
1022 3661 1088 3706 se
1131 3664 1263 3707 non
1306 3648 1494 3728 putat
1524 3645 1680 3709 satis
1715 3643 1943 3722 facere,
1993 3642 2236 3708 amicus
2277 3641 2457 3707 nullo
2491 3643 2682 3708 modo
2711 3645 2921 3726 potest

526 3765 678 3808 esse.
768 3742 943 3809 Scire
970 3750 1189 3810 autem
1218 3750 1466 3832 oportet
1494 3770 1622 3833 quo
1652 3747 1920 3833 quisque
1956 3746 2171 3812 animo
2202 3745 2306 3824 sit,
2342 3748 2418 3809 ut
2446 3750 2761 3830 quantum
2788 3745 2919 3811 cui-

595 3965 674 4011 33.
710 3977 767 4010 ex
788 3964 1028 4011 inmonitate
1051 3967 1283 4025 optimum
1306 3967 1552 4032 quumque]
1590 3967 1669 4017 cf.
1840 3970 1918 4016 34.
1943 3964 2250 4031 frequentia]
2317 3965 2343 4014 I
2389 3965 2520 4015 have
2562 3965 2790 4029 supplied
2821 3964 2921 4015 this

526 4028 633 4077 Att.
689 4026 758 4076 iv.
813 4030 858 4085 2,
909 4030 955 4089 2,
1013 4030 1187 4091 Itaque
1239 4034 1392 4079 oratio
1436 4034 1674 4081 iuventuti
1775 4033 1927 4092 word,
1957 4032 2081 4081 with
2106 4031 2263 4081 Koch.
2332 4030 2424 4080 See
2449 4031 2502 4106 §ff
2528 4033 2574 4090 3,
2604 4033 2685 4090 36,
2710 4033 2789 4080 50.

526 4099 717 4140 nostrae
751 4093 906 4140 deberi
937 4108 1029 4141 non
1055 4100 1227 4154 potest,
1275 4095 1550 4145 ‘therefore
1588 4097 1674 4146 the
1839 4096 2160 4162 deductorum]
2230 4095 2309 4145 Cf.
2336 4096 2443 4145 Att.
2468 4096 2521 4143 ii.
2554 4099 2596 4156 1,
2625 4097 2673 4144 5.

528 4156 707 4219 speech
744 4163 877 4206 must
919 4163 1007 4206 not
1042 4159 1102 4208 be
1144 4175 1208 4208 an
1250 4161 1435 4222 unpaid
1468 4162 1587 4210 debt
1622 4172 1675 4210 to
1840 4165 1918 4212 35.
1955 4165 2110 4224 maqt's
2129 4164 2351 4222 vulqares
2455 4161 2579 4209 ‘less
2602 4158 2809 4217 select;'
2836 4160 2924 4207 leae

527 4221 613 4270 the
647 4221 803 4285 rising
823 4222 1125 4284 generatim,
1147 4223 1263 4273 who
1294 4239 1376 4273 are
1409 4226 1674 4289 anxiously
1772 4244 1892 4275 eom.
1938 4243 2107 4276 means
2165 4231 2313 4275 ‘acco
2376 4225 2460 4289 ‘ng
2502 4230 2556 4274 to
2597 4225 2684 4274 the
2726 4231 2923 4287 present

528 4285 766 4349 awaiting
796 4285 877 4335 it!
948 4286 1013 4337 So
1044 4290 1150 4336 Att.
1176 4288 1232 4336 ii.
1270 4292 1313 4350 l,
1342 4292 1388 4349 3,
1425 4306 1550 4354 quae
1584 4307 1674 4340 nos
1771 4290 2006 4340 fashion.’

528 4350 787 4399 scribimus
809 4353 1251 4400 adolescentulorum
1264 4356 1439 4402 studiis
1455 4358 1668 4404 excitati.
1837 4354 2177 4421 communibus]
2248 4357 2262 4381 ⁴
2280 4355 2511 4405 neutraL’

530 4478 542 4489 ²
591 4418 896 4489 suffragando
922 4453 933 4464 .
964 4452 976 4463 .
1007 4453 1018 4464 .
1044 4418 1342 4482 adsectando]
1410 4422 1424 4444 ⁴
1442 4427 1668 4483 support·
1825 4420 2033 4484 fucosis]
2060 4420 2434 4482 ‘treacherous,’
2459 4417 2916 4483 ‘untrustworthy.’

526 4495 630 4541 mg,
689 4481 1047 4553 gomgssbout,
1095 4481 1269 4545 telling
1311 4499 1464 4546 news,
1523 4485 1673 4549 being
1776 4485 1867 4534 See
1900 4487 2007 4534 Att.
2038 4485 2072 4533 i.
2115 4487 2188 4544 18,
2218 4490 2262 4534 l.
2341 4487 2406 4535 So
2426 4486 2598 4548 sucum
2619 4486 2800 4549 facere,
2839 4489 2925 4534 ‘to

529 4543 817 4609 (generally)
854 4560 907 4593 in
940 4546 1265 4596 attendance.’
1772 4549 1980 4614 practice
2003 4550 2195 4610 deceitss
2232 4549 2376 4615 ‘play
2398 4549 2585 4601 tricks!
