3229 5145
447 480 578 546 230
1153 482 1303 548 ΕΡ.
1349 482 1580 549 XXV.
1635 482 1868 566 (ΔΤΥ.
1915 482 1975 545 J.
2024 481 2154 565 19).

447 655 844 721 traducendo
895 677 1086 742 agere
1136 655 1455 742 coepisse:
1500 653 1654 721 huic
1704 654 2075 741 frequenter
2122 653 2563 725 interceditur.
2669 653 2868 721 Haec

448 761 621 839 sunt,
651 762 728 824 ut
756 758 1001 846 opinor,
1031 758 1104 825 in
1144 782 1215 826 re
1248 757 1525 846 publica.
1619 759 1681 823 6.
1729 757 1879 845 Ego
1911 761 2148 839 autem,
2179 762 2257 824 ut
2286 757 2485 825 semel
2514 756 2862 824 Nonarum

447 860 710 927 illarum
737 860 1193 929 Decembrium
1220 862 1509 928 iunctam
1542 861 1793 928 invidia
1836 884 1912 927 ac
1948 862 2303 928 multorum
2330 860 2687 928 inimicitiis
2724 861 2859 927 exi-

447 965 647 1031 miam
686 966 1033 1052 quamdam
1068 969 1261 1052 atque
1301 966 1733 1031 immortalem
1787 964 2063 1052 gloriam
2104 968 2478 1031 consecutus
2524 986 2688 1044 sum,
2726 986 2861 1029 non

447 1068 667 1135 destiti
718 1071 942 1135 eadem
989 1069 1191 1135 animi
1239 1069 1694 1156 magnitudine
1745 1068 1817 1134 in
1859 1091 1929 1134 re
1973 1067 2233 1155 publica
2273 1067 2514 1134 versari
2557 1070 2625 1132 et
2675 1066 2862 1132 illam

447 1171 815 1239 institutam
865 1194 939 1239 ac
984 1176 1344 1259 susceptam
1395 1172 1784 1259 dignitatem
1829 1172 2021 1252 tueri,
2066 1172 2178 1238 sed
2218 1176 2442 1259 postea
2485 1192 2684 1257 quam
2725 1169 2861 1256 pri-

448 1295 630 1341 mum
703 1274 915 1341 Clodii
983 1275 1384 1342 absolutione
1443 1275 1777 1342 levitatem
1835 1274 2407 1362 infirmitatemque
2462 1274 2851 1341 iudiciorum

447 1379 760 1465 perspexi,
791 1379 1026 1445 deinde
1062 1379 1201 1444 vidi
1238 1383 1487 1445 nostros
1520 1377 1898 1467 publicanos
1937 1379 2126 1445 facile
2169 1402 2210 1445 a
2260 1383 2489 1445 senatu
2546 1377 2858 1463 disiungi,

448 1503 839 1569 quamquam
875 1505 915 1548 a
956 1505 1062 1549 me
1097 1482 1238 1569 ipso
1281 1504 1415 1548 non
1453 1483 1932 1563 divellerentur,
1964 1486 2108 1548 tum
2145 1486 2365 1548 autem
2403 1480 2625 1548 beatos
2650 1480 2861 1545 homi-

445 1584 762 1651 nes—hos
811 1585 1185 1674 piscinarios
1231 1586 1393 1665 dice,
1441 1587 1680 1652 amicos
1726 1591 2117 1667 tuos,—non
2159 1584 2420 1652 obscure
2459 1583 2646 1651 nobis
2689 1583 2860 1650 invi-

448 1688 618 1769 dere,
647 1690 875 1777 putavi
902 1689 1067 1756 mihi
1104 1689 1376 1757 maiores
1414 1691 1727 1774 quasdam
1770 1711 1922 1777 opes
1952 1693 2018 1755 et
2046 1689 2333 1755 firmiora
2365 1688 2688 1776 praesidia
2727 1709 2868 1753 esse

448 1794 830 1876 quaerenda.
921 1794 982 1858 7.
1037 1791 1272 1878 Itaque
1321 1791 1605 1879 primum
1653 1814 1822 1873 eum,
1876 1793 1990 1879 qui
2040 1792 2318 1858 nimium
2362 1793 2477 1859 diu
2530 1793 2612 1858 de
2668 1790 2868 1858 rebus

447 1896 685 1962 nostris
734 1900 1043 1976 tacuerat,
1095 1895 1504 1983 Pompeium,
1572 1896 1818 1962 adduxi
1872 1897 1946 1962 in
1997 1918 2141 1962 eam
2185 1895 2608 1974 voluntatem,
2655 1899 2732 1961 ut
2788 1895 2860 1961 in

446 2002 675 2065 senatu
713 2021 844 2065 non
884 1999 1099 2080 semel,
1129 1999 1241 2065 sed
1282 2022 1469 2086 saepe
1506 1999 1859 2085 multisque
1904 1997 2116 2066 verbis
2158 1998 2356 2064 huius
2385 1998 2550 2065 mihi
2584 1999 2862 2065 salutem

445 2101 702 2187 imperii
730 2105 924 2188 atque
954 2101 1126 2169 orbis
1152 2106 1470 2168 terrarum
1499 2103 1903 2169 adiudicarit.
2015 2102 2211 2175 Quod
2239 2125 2372 2168 non
2392 2106 2534 2168 tam
2560 2101 2863 2167 interfuit

445 2225 885 2292 mea—neque
926 2205 1100 2271 enim
1127 2205 1280 2272 illae
1317 2228 1418 2271 res
1457 2210 1572 2272 aut
1613 2206 1710 2272 ita
1743 2210 1896 2271 sunt
1924 2204 2247 2286 obscurae,
2278 2210 2355 2272 ut
2392 2205 2862 2285 testimonium,

447 2312 563 2374 aut
607 2308 702 2374 ita
751 2308 1005 2390 dubiae,
1052 2314 1128 2375 ut
1183 2308 1625 2375 laudationem
1683 2309 2332 2395 desiderent—quam
2380 2309 2476 2375 rei
2531 2307 2849 2395 publicae,

451 2412 625 2496 quod
655 2416 838 2479 erant
876 2413 1142 2499 quidam
1176 2412 1473 2500 improbi,
1516 2413 1631 2499 qui
1672 2412 2152 2479 contentionem
2195 2413 2335 2477 fore
2374 2412 2661 2498 aliquam
2698 2411 2865 2477 mihi

446 2535 594 2581 cum
637 2514 945 2605 Pompeio
990 2539 1070 2583 ex
1112 2538 1328 2583 rerum
1367 2516 1630 2584 illarum
1673 2516 2062 2583 dissensione
2115 2514 2599 2583 arbitrarentur.
2692 2514 2865 2581 Cum

446 2618 568 2684 hoc
618 2642 740 2707 ego
786 2643 891 2687 me
935 2624 1124 2687 tanta
1164 2620 1605 2687 familiaritate
1652 2621 1978 2700 coniunxi,
2018 2624 2095 2686 ut
2138 2624 2410 2706 uterque
2452 2625 2746 2687 nostrum
2789 2619 2865 2684 in

449 2744 567 2787 sua
608 2724 858 2790 ratione
907 2724 1222 2789 munitior
1273 2728 1338 2790 et
1388 2724 1460 2790 in
1503 2746 1573 2790 re
1623 2722 1882 2811 publica
1945 2724 2191 2790 firmior
2233 2724 2357 2790 hac
2415 2723 2867 2790 coniunctione

447 2847 582 2891 esse
607 2827 824 2913 possit.
936 2827 998 2892 8.
1045 2826 1214 2892 Odia
1247 2831 1465 2893 autem
1490 2827 1607 2893 illa
1633 2825 2015 2893 libidinosae
2045 2832 2109 2894 et
2138 2827 2446 2893 delicatae
2474 2827 2858 2905 iuventutis,

448 2949 614 3013 quae
643 2935 826 2996 erant
854 2930 924 2996 in
952 2952 1058 2996 me
1085 2931 1373 3010 incitata,
1404 2931 1493 2996 sic
1520 2931 1824 3017 mitigata
1862 2937 2016 2997 sunt
2045 2929 2346 2997 comitate
2376 2930 2660 3017 quadam
2689 2951 2861 3010 mea,

448 3053 555 3097 me
581 3054 788 3098 unum
817 3037 892 3098 ut
921 3055 1141 3098 omnes
1167 3033 1268 3098 illi
1296 3034 1528 3100 colant.
1641 3034 1834 3101 Nihil
1872 3033 2006 3099 iam
2035 3035 2314 3121 denique
2344 3056 2384 3099 a
2412 3055 2518 3099 me
2562 3054 2864 3119 asperum

448 3133 521 3199 in
571 3156 960 3222 quemquam
1008 3136 1103 3217 fit,
1153 3159 1272 3202 nec
1317 3142 1535 3204 tamen
1581 3139 1939 3224 quidquam
1979 3137 2289 3224 populare
2332 3159 2408 3202 ac
2450 3136 2863 3217 dissolutum,

452 3239 564 3303 sed
592 3239 688 3304 ita
714 3242 1070 3326 temperata
1097 3242 1238 3305 tota
1275 3242 1440 3307 ratio
1481 3245 1596 3323 est,
1628 3245 1704 3307 ut
1733 3241 1829 3307 rei
1854 3239 2150 3327 publicae
2190 3240 2619 3306 constantiam
2647 3262 2865 3327 praes·

452 3345 605 3422 tem,
647 3342 916 3429 privatis
956 3342 1147 3410 rebus
1189 3345 1349 3410 meis
1390 3350 1653 3433 propter
1694 3344 2140 3411 infirmitatem
2169 3343 2505 3425 bonorum,
2550 3344 2862 3430 iniquita-

508 3573 819 3641 srequenter]
866 3575 1053 3641 always
1072 3592 1242 3627 means
1268 3581 1282 3605 ‘
1297 3576 1353 3626 in
1374 3578 1564 3627 crowds
1578 3577 1593 3602 ’
1698 3592 1899 3639 rumque
1918 3591 2080 3625 rerum
2098 3578 2350 3638 consensio,
2369 3574 2507 3626 Lael.
2529 3577 2623 3636 203
2659 3575 2870 3625 hominis

455 3653 511 3688 or
549 3643 635 3688 ‘at
678 3638 815 3689 short
847 3640 1113 3691 intervals’
1151 3642 1208 3691 in
1252 3641 1407 3692 Class.
1442 3641 1596 3702 Lat.;
1701 3643 1982 3691 nobilissimi
2035 3644 2311 3703 coniunctio,
2370 3641 2510 3690 Fam.
2554 3639 2629 3690 iii.
2673 3643 2753 3703 10,
2799 3643 2865 3700 9;

442 3704 728 3766 frequenter
758 3725 800 3746 =
835 3708 848 3732 ‘
867 3705 944 3755 fre
978 3706 1183 3771 uently’
1220 3706 1263 3756 is
1296 3707 1417 3772 only
1448 3707 1603 3756 found
1702 3708 1989 3771 suffraqatio
2022 3709 2308 3764 consulatus,
2345 3705 2459 3754 Mil.
2496 3708 2575 3755 34.

455 3769 511 3818 in
534 3768 695 3818 Silver
716 3768 881 3819 Latin.
985 3786 1015 3820 0
1035 3773 1230 3821 subinde
1255 3771 1503 3837 (convent).
1773 3774 1820 3820 8.
1856 3772 2133 3819 libidinosae
2174 3779 2221 3819 et
2263 3769 2515 3835 delicatae]
2595 3773 2609 3797 ‘
2628 3768 2715 3820 the
2759 3770 2859 3820 dis-

524 3836 572 3882 6.
609 3836 859 3883 Nonarum
895 3872 907 3883 .
950 3872 962 3883 .
1002 3873 1014 3884 .
1052 3836 1381 3885 Decembrium
1496 3834 1605 3884 The
1708 3834 1899 3900 sipated
1918 3830 2134 3895 ‚iatine-ese
2166 3838 2305 3884 dore'e
2336 3835 2392 3884 of
2425 3834 2623 3884 Rome.‘

458 3897 557 3962 day
578 3913 645 3948 on
671 3899 836 3950 which
865 3899 951 3949 the
982 3900 1244 3950 execution
1275 3899 1331 3949 of
1433 3900 1607 3949 ntulus
1770 3901 1921 3950 Nihil
1944 3936 1957 3948 .
1985 3937 1998 3949 .
2029 3937 2040 3949 .
2061 3900 2307 3964 asperum]
2334 3902 2348 3927 ⁶
2369 3899 2396 3948 1
2419 3916 2501 3949 am
2521 3915 2675 3949 never
2696 3899 2863 3948 struit·

457 3963 555 4012 and
587 3962 666 4012 his
698 3964 1017 4027 accomplices
1054 3965 1172 4014 took
1211 3964 1366 4027 place.
1434 3967 1603 4013 Nona-
1706 3964 1863 4025 laced,
1890 3965 1983 4013 but
2003 3964 2199 4014 neither
2220 3966 2283 4014 do
2318 3963 2345 4012 Ι
2376 3980 2494 4014 ever
2521 3963 2638 4013 seek
2659 3964 2872 4028 popular

456 4042 567 4076 rum
588 4028 801 4090 depende
823 4028 1032 4093 perhaps
1060 4044 1124 4079 on
1151 4032 1249 4078 dici
1276 4029 1601 4078 understood:
1707 4028 1891 4078 favour
1910 4029 1979 4093 by
2005 4029 2198 4078 relaxin
2255 4045 2340 4093 my
2362 4028 2665 4091 principles!

458 4090 526 4139 cf.
563 4092 669 4142 Att.
696 4092 767 4142 iv.
799 4097 841 4150 1,
869 4095 915 4155 5,
939 4096 1022 4155 qui
1042 4094 1154 4156 suit
1185 4096 1288 4143 dies
1314 4095 1445 4143 Non.
1473 4095 1603 4155 Sept.
1776 4093 2058 4158 temperata]
2096 4097 2201 4144 ‘we
2224 4094 2555 4154 l-balanced3'
2593 4096 2666 4142 ita
2692 4129 2705 4141 .
2735 4130 2747 4142 .
2777 4129 2790 4140 .
2809 4098 2865 4140 ut

457 4177 496 4199 =
518 4157 771 4205 Nonarum
794 4159 1161 4219 Septembrium.
1707 4156 1838 4208 have
1859 4158 1975 4207 here
1995 4157 2127 4208 their
2147 4159 2290 4208 usual
2312 4157 2545 4222 meaning
2560 4174 2610 4206 oo
2625 4193 2638 4206 .
2660 4195 2673 4206 .
2704 4194 2716 4205 .
2737 4159 2863 4214 that,

508 4220 700 4286 *beatos]
771 4228 785 4250 ⁴
802 4223 1120 4272 well-to·do.’
1711 4222 1803 4272 but
1833 4221 1919 4272 the
1952 4225 2026 4271 ita
2058 4230 2214 4271 tamen
2241 4260 2253 4271 .
2294 4260 2307 4271 .
2337 4259 2349 4271 .
2379 4222 2543 4272 which
2576 4222 2749 4272 follow
2780 4238 2864 4271 are

524 4287 572 4345 7,
608 4302 768 4334 rerum
792 4288 993 4335 illarum
1014 4287 1160 4351 diss]
1230 4289 1242 4312 ‘
1259 4287 1303 4334 A
1327 4286 1522 4350 quarrel
1544 4303 1610 4335 on
1713 4287 1837 4336 used
1865 4287 1920 4335 in
1941 4303 1972 4336 a
1993 4303 2126 4336 more
2158 4287 2407 4337 idiomatic
2442 4303 2572 4350 way,
2601 4287 2866 4336 ‘involved

456 4347 597 4398 those
619 4351 854 4399 matters)
899 4351 987 4413 Cp.
1007 4353 1207 4399 virtutis
1222 4358 1468 4413 certamen,
1493 4351 1607 4399 Fin.
1714 4367 1768 4400 as
1792 4350 1819 4399 1
1843 4368 1923 4401 am
1944 4350 1998 4400 in
2024 4368 2111 4416 my
2139 4368 2252 4401 new
2273 4351 2594 4415 friendships.
2620 4359 2708 4417 yet
2741 4350 2768 4399 1
2803 4352 2867 4400 do

454 4429 505 4462 v.
535 4416 614 4473 72,
655 4416 753 4463 and
786 4415 871 4464 the
909 4420 1024 4465 note
1059 4415 1114 4464 of
1146 4415 1314 4464 Madv.
1340 4415 1512 4476 there;
1549 4415 1613 4465 he
1713 4421 1802 4465 not
1822 4416 1894 4466 let
1913 4416 2050 4466 them
2071 4423 2276 4479 prevent
2292 4434 2370 4466 me
2390 4417 2520 4465 from
2542 4417 2730 4492 having
2740 4432 2864 4492 con-

456 4492 706 4541 compares
739 4480 964 4527 dissensio
998 4481 1139 4527 lucius
1165 4482 1350 4528 ordinis
1370 4503 1411 4522 =
1431 4482 1491 4528 ab
1531 4481 1614 4528 hoo
1715 4482 1906 4545 stantly
1926 4481 1981 4530 in
2017 4498 2102 4546 my
2124 4497 2230 4531 ears
2262 4483 2348 4532 the
2385 4481 2580 4532 shrer
2615 4481 2872 4532 Sicilian’s

455 4545 636 4602 ordine,
665 4542 812 4591 Catil.
838 4543 909 4592 iv.
939 4545 1029 4598 15;
1070 4546 1346 4592 divinarum
1378 4546 1613 4592 humana-
1714 4546 1872 4609 song.'
