3229 5145
987 470 1133 535 ΕΡ.
1182 467 1425 533 XXII.
1478 466 1711 551 (ATT.
1757 467 1820 532 I.
1865 467 2002 550 16.)
2571 464 2707 528 205

298 644 626 712 fendenda
662 642 812 723 fuit,
849 643 940 709 sic
976 642 1204 709 acriter
1241 647 1309 708 et
1334 640 1747 708 vehementer
1782 640 2134 726 proeliatus
2163 662 2326 719 sum,
2361 644 2436 704 ut
2466 638 2712 704 clamor

296 769 760 833 concursusque
798 746 1082 812 maxima
1120 767 1269 811 cum
1309 765 1456 810 mea
1496 745 1690 812 laude
1731 744 1980 811 fierent.
2071 744 2266 817 Quod
2305 744 2360 809 si
2400 743 2522 808 tibi
2560 765 2702 808 um-

298 872 495 937 quam
522 873 667 917 sum
694 851 868 917 visus
895 851 965 915 in
994 872 1063 915 re
1090 848 1348 935 publica
1377 848 1584 928 fortis,
1617 853 1784 915 certe
1814 871 1919 916 me
1953 848 2025 913 in
2061 849 2179 914 illa
2207 870 2397 913 causa
2425 847 2702 911 admira-

296 958 405 1022 tus
434 976 615 1019 esses.
706 953 875 1020 Cum
920 953 1094 1019 enim
1131 953 1242 1018 ille
1281 953 1367 1019 ad
1405 953 1733 1020 contiones
1769 952 2165 1039 confugisset
2204 950 2277 1016 in
2319 951 2526 1036 iisque
2559 971 2706 1015 meo

300 1057 559 1123 nomine
589 1058 675 1123 ad
700 1057 1012 1123 invidiam
1041 1059 1350 1136 uteretur,
1380 1055 1488 1121 dei
1525 1055 1955 1122 immortales!
2005 1077 2164 1141 quas
2201 1075 2323 1141 ego
2358 1074 2613 1140 pugnas
2641 1055 2708 1118 et

300 1165 575 1247 quantas
613 1165 858 1247 strages
896 1160 1108 1226 edidi!
1156 1181 1317 1245 quos
1352 1159 1632 1245 impetus
1672 1159 1744 1224 in
1779 1158 2101 1239 Pisonem,
2136 1160 2208 1224 in
2237 1157 2603 1236 Curionem,
2634 1157 2707 1222 in

299 1268 506 1330 totam
562 1264 743 1330 illam
798 1286 1068 1330 manum
1117 1264 1281 1329 feci!
1357 1286 1485 1349 quo
1535 1264 1729 1329 modo
1780 1284 1925 1328 sum
1980 1263 2326 1328 insectatus
2375 1260 2709 1327 levitatem

301 1389 548 1447 senum,
578 1366 917 1433 libidinem
950 1367 1349 1434 iuventutis!
1441 1365 1666 1453 Saepe,
1718 1366 1815 1432 ita
1861 1387 1967 1432 me
2007 1365 2076 1431 di
2126 1364 2395 1431 iuvent!
2458 1367 2524 1429 te
2574 1384 2708 1429 non

302 1471 511 1537 solum
558 1475 884 1536 auctorem
934 1471 1345 1537 consiliorum
1388 1492 1699 1550 meorum,
1751 1491 1976 1535 verum
2033 1469 2231 1535 etiam
2289 1471 2709 1554 spectatorem

304 1596 673 1661 pugnarum
710 1574 1122 1640 mirificarum
1163 1574 1536 1640 desideravi.
1629 1574 1692 1638 2.
1739 1572 1973 1638 Postea
2000 1593 2150 1638 vero
2190 1594 2388 1655 quam
2420 1569 2709 1636 Horten-

306 1678 439 1745 sius
482 1677 871 1764 excogitavit
910 1682 987 1744 ut
1029 1678 1241 1764 legem
1287 1679 1367 1744 de
1410 1677 1724 1764 religione
1761 1676 1992 1742 Fufius
2033 1675 2333 1743 tribunus
2373 1675 2462 1761 pl.
2497 1674 2714 1754 ferret,

304 1781 377 1847 in
425 1803 554 1868 qua
603 1781 771 1847 nihil
821 1781 1000 1847 aliud
1045 1804 1085 1847 a
1129 1781 1446 1847 consulari
1489 1781 1824 1867 rogatione
1871 1779 2209 1846 differebat
2253 1778 2379 1844 nisi
2422 1777 2711 1843 iudicum

307 1883 670 1971 genus—in
700 1906 775 1951 eo
804 1890 1021 1952 autem
1050 1887 1233 1950 erant
1263 1884 2030 1971 omnia—pugnavitque,
2060 1887 2137 1950 ut
2175 1884 2270 1949 ita
2309 1884 2509 1962 fieret,
2540 1883 2715 1968 quod

308 1992 377 2054 et
426 1987 548 2055 sibi
595 1993 660 2054 et
705 1989 850 2055 aliis
892 1993 1289 2075 persuaserat
1336 1988 1535 2054 nullis
1579 1988 1769 2053 illum
1817 1987 2138 2054 iudicibus
2181 1987 2468 2073 effugere
2511 2007 2715 2071 posse,

309 2092 599 2158 contraxi
634 2093 779 2160 vela
815 2093 1198 2178 perspiciens
1239 2093 1527 2179 inopiam
1568 2092 1876 2171 iudicum,
1921 2114 2129 2177 neque
2173 2092 2312 2155 dixi
2355 2089 2713 2176 quidquam

312 2218 430 2282 pro
466 2196 854 2276 testimonio,
898 2196 1025 2261 nisi
1069 2198 1242 2282 quod
1281 2202 1418 2263 erat
1457 2198 1553 2263 ita
1590 2201 1822 2263 notum
1861 2200 2054 2281 atque
2089 2199 2419 2276 testatum,
2464 2196 2542 2260 ut
2583 2214 2719 2259 non

314 2321 563 2385 possem
592 2300 955 2386 praeterire.
1045 2299 1281 2386 Itaque
1321 2301 1375 2365 si
1414 2323 1670 2366 causam
1708 2300 1961 2386 quaeris
2002 2296 2440 2376 absolutionis,
2472 2300 2548 2363 ut
2586 2296 2719 2361 iam

315 2406 485 2490 πρὸς
518 2406 591 2472 τὸ
634 2407 941 2489 πρότερον
969 2410 1272 2485 revertar,
1304 2408 1553 2490 egestas
1587 2404 1877 2470 iudicum
1914 2402 2045 2468 fuit
2083 2406 2148 2469 et
2186 2401 2541 2487 turpitudo.
2630 2397 2720 2464 Id

317 2512 531 2572 autem
573 2511 651 2572 ut
693 2507 1023 2589 accideret,
1070 2508 1475 2575 commissum
1521 2512 1617 2574 est
1669 2506 2010 2574 Hortensii
2060 2505 2343 2586 consilio,
2397 2504 2510 2591 qui
2561 2503 2720 2567 dum

316 2613 557 2677 veritus
585 2615 681 2678 est
709 2635 790 2678 ne
819 2613 1048 2678 Fufius
1087 2614 1148 2678 ei
1182 2613 1316 2700 legi
1354 2613 1791 2690 intercederet,
1822 2633 1987 2697 quae
2027 2634 2108 2676 ex
2145 2614 2403 2675 senatus
2430 2607 2720 2674 consulto

319 2715 662 2798 ferebatur,
699 2738 831 2783 non
859 2717 1025 2783 vidit
1059 2717 1246 2797 illud,
1277 2716 1477 2782 satius
1516 2738 1649 2781 esse
1687 2715 1875 2781 illum
1910 2715 1981 2779 in
2020 2714 2290 2778 infamia
2325 2712 2606 2798 relinqui
2646 2733 2723 2776 ac

320 2818 610 2885 sordibus
648 2842 843 2907 quam
880 2820 1136 2903 infirmo
1171 2820 1409 2886 iudicio
1443 2820 1777 2886 committi.
1869 2817 1996 2883 Sed
2026 2818 2258 2882 ductus
2287 2817 2432 2881 odio
2460 2838 2719 2902 proper-

322 2925 455 2988 avit
482 2942 620 2989 rem
650 2924 958 2989 deducere
985 2924 1057 2988 in
1086 2924 1419 3004 iudicium,
1466 2947 1613 2991 cum
1645 2924 1833 2989 illum
1866 2921 2169 3008 plumbeo
2198 2919 2417 3007 gladio
2460 2919 2719 3006 iugula-

392 3135 441 3174 nt
465 3127 661 3192 clamor]
729 3134 741 3155 ‘
758 3126 864 3176 that
895 3128 1083 3176 crowds
1112 3126 1286 3177 rallied
1312 3128 1472 3178 round

323 3209 403 3241 me
424 3192 547 3241 with
568 3191 741 3242 shouts
762 3191 816 3241 of
836 3191 1162 3267 enthusisstic
1180 3192 1451 3268 applause!

325 3256 605 3371 anff’ffffgo
636 3256 1473 3398 &agladffprpuaegzcffipzqfflyc

1570 3127 1682 3176 dius
1702 3126 1814 3176 that
1834 3141 1901 3176 no
1921 3126 2068 3189 panel
2089 3124 2236 3175 could
2249 3124 2420 3190 aequit
2433 3124 2556 3184 him,
2585 3128 2599 3153 ‘
2613 3124 2725 3175 that

1570 3193 1900 3306 “sm
1929 3190 2138 3306 ms?
2170 3206 2297 3304 {³553
2305 3190 2722 3305 .?..¹1;;.·⁸?¹⁹.1¹:„?.¹‡.⁰=

1571 3273 1879 3386 Wot'ncpiant]
1903 3272 2042 3371 atlilisir
2057 3272 2293 3368 'vaggiam
2307 3322 2409 3370 and
2423 3324 2726 3385 consequent

326 3393 379 3436 to
410 3385 559 3436 Curio
588 3386 675 3435 the
706 3401 946 3450 younger.
1015 3386 1131 3435 Piso
1162 3385 1363 3436 showed
1395 3387 1473 3436 his

329 3453 497 3500 levitas
522 3451 591 3515 by
611 3450 763 3514 being
792 3453 917 3500 lator
946 3453 1207 3513 roqatiom's
1232 3453 1354 3499 idem
1374 3453 1472 3499 dis·

327 3532 496 3565 suasor
515 3515 639 3578 (Att.
660 3515 695 3565 i.
718 3519 797 3575 14,
817 3515 887 3580 6).
948 3515 1098 3565 Curio
1117 3515 1219 3580 (the
1241 3515 1390 3578 elder)
1411 3531 1476 3565 on

327 3580 414 3631 the
438 3596 571 3630 same
600 3579 823 3631 occasion
852 3581 921 3645 by
944 3597 1002 3630 su
1037 3578 1234 3644 porting
1255 3581 1472 3641 Clodius,

328 3644 520 3710 though
554 3646 754 3710 usually
774 3659 868 3695 one
900 3644 955 3722 οξ
985 3651 1007 3694 t
1042 3661 1070 3694 e
1103 3646 1225 3693 bom'.
1286 3645 1359 3720 ‘In
1391 3646 1477 3721 the

329 3726 482 3824 {2⁸30
495 3709 817 3840 Ῑῖἲιῗῖἒῃξὲἓ
842 3709 1098 3825 Εῗέᾱοέι
1110 3709 1179 3823 ‘1³13
1194 3710 1478 3825 siml:

333 3843 445 3890 duce
454 3843 618 3904 filiola
643 3842 879 3890 Curionis.

396 3909 444 3954 2.
480 3907 764 3968 exeoqitavit
785 3904 1032 3968 utserret]
1082 3909 1095 3932 ‘
1109 3903 1374 3954 conceived
1394 3904 1480 3954 the

332 3971 497 4034 policy
520 3970 574 4020 of
593 3969 774 4034 letting
796 3969 970 4018 Fufius
992 3968 1138 4033 bring
1158 3969 1213 4018 in
1234 3967 1313 4018 his
1334 3968 1459 4018 bill:

398 4037 607 4084 iudicum
645 4033 816 4100 genus]
904 4033 1011 4084 The
1053 4034 1174 4098 only
1215 4033 1481 4084 differencc

332 4100 556 4149 between
577 4099 662 4150 the
683 4099 775 4149 bin
791 4098 846 4149 of
860 4098 947 4148 the
969 4099 1141 4149 consul
1162 4099 1260 4149 and
1282 4099 1369 4149 the
1390 4099 1482 4148 bill

333 4165 387 4214 of
411 4165 584 4214 Fufius
601 4180 703 4214 was
719 4164 829 4214 that
845 4162 929 4213 the
946 4163 1129 4214 former
1144 4165 1350 4213 enacted
1370 4164 1483 4214 that

333 4230 417 4280 the
457 4236 650 4293 praetor
683 4229 860 4279 should
895 4230 1051 4278 choose
1094 4228 1179 4279 the
1220 4228 1359 4293 jury,
1396 4228 1482 4279 the

336 4295 483 4344 latter
503 4295 613 4344 that
632 4293 751 4359 they
774 4293 952 4344 should
978 4293 1040 4343 be
1072 4293 1225 4343 taken
1243 4294 1313 4359 by
1335 4294 1408 4343 lot
1427 4292 1483 4342 in

336 4359 420 4410 the
447 4359 678 4424 ordinary
698 4375 812 4424 way
832 4358 962 4407 from
990 4358 1076 4408 the
1104 4361 1320 4408 decuriae
1348 4360 1479 4406 iudi-

337 4441 459 4474 cum.
519 4424 689 4474 Cicero
708 4440 824 4489 says
840 4439 929 4473 eve
1013 4423 1135 4487 hing
1151 4423 1403 4487 depended
1419 4439 1485 4473 on

336 4489 455 4538 this.
514 4489 619 4538 The
642 4487 849 4538 mistake
865 4487 920 4538 of
930 4429 1234 4538 ffortensius
1252 4504 1355 4538 was
1375 4487 1486 4538 that

337 4553 401 4604 he
430 4553 645 4618 thought
673 4569 728 4604 so
747 4554 880 4605 clear
899 4569 1004 4603 was
1031 4553 1118 4605 the
1140 4553 1270 4619 guilt
1290 4553 1347 4602 of
1371 4552 1484 4603 Clo·

1573 3386 1906 3449 accessibility
1927 3391 1979 3434 to
1999 3384 2177 3435 bribes.

1638 3467 1785 3513 neque
1814 3452 1920 3498 disci
1949 3449 2232 3515 quidquam]
2301 3448 2472 3500 Cicero
2501 3449 2730 3499 confined

1572 3515 1778 3566 himself
1801 3520 1855 3564 to
1883 3514 2138 3578 upsetting
2167 3514 2252 3564 the
2281 3517 2402 3564 alibi
2428 3514 2484 3565 of
2506 3515 2724 3576 Clodius,

1573 3581 1646 3644 by
1667 3579 1904 3643 deposing
1938 3579 2051 3629 that
2081 3580 2146 3629 he
2175 3579 2274 3629 had
2305 3595 2421 3630 seen
2437 3579 2645 3630 Clodius
2671 3579 2728 3628 in

1576 3645 1733 3695 Rome
1770 3644 1906 3694 three
1939 3644 2090 3694 hours
2123 3644 2255 3694 after
2287 3645 2373 3694 the
2408 3644 2527 3694 time
2560 3645 2727 3705 when,

1576 3710 1838 3773 according
1876 3716 1928 3759 to
1965 3709 2045 3758 his
2082 3708 2216 3764 cath.
2251 3708 2317 3759 he
2351 3725 2455 3760 was
2487 3709 2543 3758 in
2581 3709 2724 3759 Inte·

1576 3791 1766 3836 tamna,
1804 3774 1982 3839 ninety
2009 3773 2151 3824 miles
2183 3774 2385 3823 distant.

1643 3841 1785 3904 πρὸς
1829 3842 1896 3890 τὸ
1941 3839 2255 3904 πρότερον]
2328 3838 2499 3889 Cicero
2540 3837 2730 3903 having

1576 3920 1692 3955 now
1722 3905 1908 3967 replied
1936 3909 1988 3953 to
2021 3904 2107 3954 the
2136 3904 2315 3954 second
2343 3903 2585 3968 question,
2612 3920 2728 3965 quo·

1579 3973 1711 4019 modo
1745 3986 1823 4031 syo
1865 3971 2025 4018 minus
2065 3986 2208 4031 quam
2250 3971 2424 4017 soleam
2459 3971 2732 4029 proeliatus

1581 4036 1691 4094 sim,
1746 4035 1977 4097 proceeds
2041 4041 2093 4083 to
2155 4033 2242 4083 the
2306 4035 2416 4082 first
2479 4033 2731 4097 question,

1578 4099 1794 4163 namely,
1839 4099 1926 4148 the
1967 4114 2140 4148 reason
2183 4099 2241 4148 of
2284 4097 2372 4148 the
2424 4098 2732 4161 unexpected

1581 4166 1715 4213 issue
1749 4163 1804 4213 of
1836 4163 1920 4213 the
1954 4163 2082 4213 trial.

1647 4231 1700 4277 in
1744 4230 1952 4303 infamia
1996 4229 2204 4289 relinqui
2253 4243 2310 4302 ap
2359 4225 2599 4291 sordibus]
2667 4225 2738 4302 ‚If

1583 4293 1760 4408 {05:1¹⁸
1771 4293 1894 4407 „¹2:²2⁶
1903 4291 2486 4420 ὴῗξψέἒέἒωὲΐᾱῗῖῒι
2497 4291 2735 4432 ῗέἳοὲἒ.

1584 4423 1751 4472 would
1776 4422 1904 4472 have
1928 4423 2052 4472 been
2081 4422 2176 4471 left
2201 4422 2358 4470 under
2384 4437 2636 4483 suspienon
2654 4421 2735 4536 §in

1586 4487 1835 4551 infamia),
1862 4488 1960 4536 and
1989 4486 2043 4535 in
2072 4486 2158 4537 the
2188 4486 2451 4550 mourniug
2480 4488 2601 4548 garb
2624 4503 2654 4536 o
2704 4503 2739 4537 a

1585 4569 1696 4602 rous
1721 4551 1793 4617 (in
1814 4552 2067 4616 sordibus).
