3229 5145
533 427 661 492 238
1201 425 1351 490 ΕΡ.
1400 424 1715 492 XXVII.
1767 424 1997 509 (ΑΤΤ.
2043 425 2147 491 II.
2194 426 2284 510 1.)

530 779 843 849 XXVII.
933 778 1050 847 ΤΟ
1097 776 1657 967 ΑΤΤΙΟΠ8,(ᾸΝ
1703 777 2002 861 Ganos,
2062 801 2152 846 oiv
2214 801 2331 846 ins
2381 801 2539 846 war
2594 801 2677 846 ‘ro
2736 779 2952 848 Rom?-

1630 905 1732 948 rr.
1767 905 1842 950 11.
1881 887 1961 969 1).

1011 1108 1216 1168 ROME,
1249 1108 1314 1152 A.
1346 1108 1413 1153 U.
1447 1107 1501 1152 C.
1535 1106 1669 1167 6943
1718 1108 1778 1153 Β.
1812 1109 1867 1153 C.
1901 1106 1999 1168 603
2047 1109 2198 1153 AET.
2229 1109 2349 1154 clo.
2381 1107 2468 1155 46.

627 1292 701 1343 Μ.
729 1291 903 1343 Cicero
922 1289 1090 1342 Attico
1119 1289 1291 1340 scribit
1311 1291 1373 1340 de
1401 1289 1764 1341 commentariis
1793 1291 2078 1342 consulatus
2111 1290 2192 1341 sui
2225 1289 2411 1342 Graece
2438 1295 2492 1342 et
2517 1290 2583 1342 ab
2603 1289 2773 1342 Attico
2803 1297 2856 1343 et
2884 1291 2953 1343 ab

528 1375 638 1440 ipso
657 1372 955 1438 compositis,
979 1374 1040 1423 de
1061 1371 1366 1423 orationibus
1386 1372 1728 1423 consularibus
1749 1372 1881 1423 suis·
1907 1372 2024 1423 dein
2045 1389 2136 1423 cnr
2155 1372 2416 1424 Atticum
2399 1389 2455 1422 in
2475 1373 2650 1424 urbem
2671 1373 2956 1426 arcemerit

525 1455 764 1521 exponit:
801 1470 979 1520 cupere
1000 1454 1060 1504 P.
1088 1453 1318 1505 Clodium
1344 1453 1606 1504 tribunum
1629 1455 1700 1517 pl.
1726 1453 1850 1513 fieri,
1887 1455 1974 1505 sed
2001 1453 2229 1518 impediri
2255 1471 2286 1504 a
2308 1453 2514 1505 Metello
2534 1454 2734 1505 consule
2756 1460 2809 1506 et
2836 1471 2869 1505 a
2897 1471 2953 1507 se

525 1537 695 1602 frangi
725 1542 775 1589 et
806 1535 1097 1601 reprehendi
1129 1535 1331 1585 urbanis
1362 1534 1612 1585 dicteriis.
1650 1536 1712 1585 de
1742 1536 1852 1599 lege
1880 1534 2074 1600 agraria
2101 1550 2208 1586 rem
2237 1535 2521 1586 refrixisse:
2558 1536 2620 1586 de
2648 1552 2740 1587 sua
2772 1542 2824 1587 et
2854 1535 2949 1588 Cn.

527 1618 749 1683 Pompeii
780 1617 1136 1679 familiaritate,
1173 1633 1300 1682 quae
1330 1615 1485 1680 prosit
1516 1616 1591 1667 rei
1622 1616 1886 1680 publicae:
1933 1616 2171 1667 Catonem
2201 1632 2304 1667 non
2335 1615 2456 1666 satis
2488 1623 2633 1668 caute
2664 1634 2844 1682 agere·
2887 1618 2952 1668 de

528 1699 741 1752 Favonii
761 1700 975 1750 comitiis
996 1705 1046 1749 et
1067 1698 1379 1749 accusatione
1401 1697 1629 1760 Nasicae,
1656 1697 1718 1747 de
1739 1697 1970 1761 Luccei0,
1997 1697 2059 1748 de
2083 1696 2347 1763 Sicyoniis,
2370 1696 2460 1763 qui
2480 1697 2705 1748 Atticum
2725 1698 2945 1762 laedant,

525 1782 587 1832 de
604 1781 866 1832 Amalthea
894 1797 1000 1843 sua,
1032 1782 1094 1831 de
1116 1779 1398 1830 Tusculano
1427 1783 1480 1830 et
1500 1778 1819 1844 Pompeiane,
1846 1780 1908 1830 de
1928 1778 2254 1844 prognosticis
2283 1779 2401 1842 suis,
2430 1779 2492 1830 de
2522 1780 2745 1831 adventu
2766 1780 2944 1843 Attici,

525 1863 588 1913 de
608 1862 748 1913 libris
769 1880 800 1913 a
821 1861 975 1913 Paeto
995 1861 1092 1913 sibi
1112 1860 1307 1913 donatis
1326 1860 1391 1912 ab
1411 1861 1581 1912 Attico
1601 1859 1951 1912 conservandis
1971 1866 2023 1911 et
2043 1860 2313 1924 mittendis,
2339 1861 2402 1912 de
2424 1860 2649 1912 Octavio.

1356 2075 1621 2132 CICERO
1658 2075 1924 2132 ATTICO
1962 2076 2115 2132 SAL.

661 2253 721 2319 1.
769 2251 924 2319 Kal.
976 2251 1189 2318 Iuniis
1239 2252 1421 2319 eunti
1469 2251 1634 2317 mihi
1662 2251 1945 2318 Antium
1993 2256 2061 2318 et
2106 2251 2495 2339 gladiatores
2543 2251 2640 2318 M.
2687 2251 2946 2320 Metelli

527 2357 758 2445 cupide
799 2357 1193 2442 relinquenti
1227 2355 1407 2422 venit
1450 2354 1709 2422 obviam
1746 2360 1901 2421 tuus
1942 2378 2123 2444 puer.
2213 2355 2285 2421 Is
2329 2355 2494 2422 mihi
2535 2356 2785 2423 litteras
2828 2356 2946 2425 abs

524 2467 592 2530 te
621 2465 688 2528 et
719 2459 1251 2528 commentarium
1279 2460 1648 2526 consulatus
1686 2460 1816 2526 mei
1847 2457 2088 2526 Graece
2122 2460 2432 2546 seriptum
2458 2460 2763 2526 reddidit.
2855 2460 2944 2527 In

527 2589 654 2653 quo
697 2565 976 2631 laetatus
1010 2586 1154 2630 sum
1191 2587 1296 2631 ine
1334 2563 1668 2651 aliquanto
1705 2567 1858 2631 ante
1908 2565 1990 2631 de
2017 2562 2247 2630 iisdem
2276 2562 2468 2631 rebus
2509 2561 2750 2631 Graece
2782 2563 2943 2631 item

525 2670 837 2755 seriptum
864 2667 1105 2735 librum
1135 2666 1218 2734 L.
1252 2667 1541 2734 Cossinio
1582 2669 1668 2734 ad
1697 2671 1763 2734 te
1793 2668 2251 2754 perferendum
2281 2667 2548 2734 dedisse.
2641 2667 2843 2750 Nam,
2887 2669 2944 2734 si

526 2795 649 2860 ego
691 2776 882 2838 tuum
924 2775 1076 2837 ante
1119 2771 1438 2859 legissem,
1484 2773 1775 2838 furatum
1804 2794 1910 2837 me
1939 2770 2054 2837 abs
2080 2775 2147 2838 te
2175 2793 2309 2838 esse
2339 2771 2597 2837 diceres.
2691 2771 2942 2844 Quam·

527 2898 725 2963 quam
753 2880 870 2942 tua
897 2874 1232 2962 illa—legi
1270 2875 1446 2941 enim
1473 2874 2171 2942 libenter—horridula
2197 2874 2360 2942 mihi
2390 2879 2584 2961 atque
2612 2874 2943 2963 incompta

526 2980 667 3046 visa
722 2983 894 3058 sunt,
953 2978 1065 3044 sed
1122 2981 1342 3044 tamen
1402 2989 1588 3045 erant
1646 2983 1876 3046 ornata
1931 2978 2053 3045 hoo
2109 2980 2271 3067 ipso,
2331 2980 2507 3065 quod
2558 2983 2942 3046 ornamenta

528 3083 972 3169 neglexerant,
1016 3086 1102 3163 et,
1147 3086 1225 3147 ut
1267 3081 1587 3162 mulieres,
1632 3083 1780 3149 ideo
1814 3081 1978 3149 bene
2022 3083 2211 3163 olere,
2253 3083 2407 3169 quia
2444 3081 2612 3148 nihil
2655 3082 2938 3164 olebant,

527 3185 934 3252 videbantur.
1025 3184 1216 3251 Meus
1259 3189 1477 3251 autem
1505 3184 1671 3251 liber
1699 3190 1911 3253 totum
1940 3185 2214 3253 Isocrati
2241 3186 2713 3273 myrothecium
2742 3190 2940 3273 atque

527 3310 750 3356 omnes
798 3289 936 3355 eius
982 3288 1442 3375 discipulorum
1485 3290 1735 3356 arculas
1786 3312 1860 3357 ae
1909 3312 2043 3357 non
2092 3289 2262 3356 nihil
2318 3290 2516 3356 etiam
2558 3288 2940 3357 Aristotelia

600 3528 645 3574 1.
687 3526 978 3587 qladiatoreae
1018 3526 1097 3574 M.
1136 3525 1348 3593 Metelli]
1415 3524 1538 3577 This
1580 3542 1686 3576 was
1783 3526 2127 3591 passedalaw
2149 3525 2346 3602 against
2364 3525 2451 3576 the
2474 3525 2651 3591 giving
2681 3526 2739 3577 of
2768 3541 2939 3591 games

531 3590 619 3640 the
639 3589 842 3640 brother
860 3589 916 3640 of
939 3589 1001 3647 Q.
1028 3589 1262 3640 Metellus
1286 3589 1525 3641 Creticus.
1575 3591 1685 3642 The
1784 3608 1840 3642 as
1861 3608 1927 3642 an
1948 3591 2327 3655 electioneering
2347 3591 2534 3653 device,
2560 3591 2674 3642 Vat.
2701 3594 2780 3643 37.
2851 3591 2938 3643 He

528 3660 908 3706 commentatore
949 3653 1077 3706 raise
1119 3670 1152 3706 a
1192 3656 1412 3706 needless
1489 3655 1685 3706 uestion
1783 3658 1901 3707 does
1934 3663 2039 3716 not,
2078 3656 2324 3718 however,
2373 3672 2506 3706 seem
2545 3661 2599 3707 to
2635 3657 2810 3720 reg-ard
2848 3657 2936 3708 the

529 3719 977 3795 hereastowhy
1018 3719 1084 3771 he
1130 3736 1409 3785 gaveag
1493 3720 1686 3771 torial
1784 3693 2361 3785 gmesw-ithmmuc'h
2394 3720 2934 3783 dislikeinAtt.ii.8,

527 3785 685 3835 show.
756 3784 784 3834 1
818 3784 965 3834 think
988 3801 1065 3836 we
1085 3801 1202 3850 may
1223 3785 1401 3850 gether
1418 3785 1550 3836 from
1570 3786 1679 3836 Att.
1785 3789 1847 3844 2;
1896 3790 1973 3848 10,
2017 3791 2063 3836 l.
2132 3785 2242 3836 The
2283 3785 2559 3849 provisions
2601 3785 2660 3836 of
2701 3786 2787 3836 the
2829 3758 2935 3836 Leae'

527 3850 599 3900 iv.
636 3851 712 3906 4⁶,
750 3852 798 3909 2,
842 3849 954 3900 that
995 3850 1039 3899 it
1080 3866 1186 3901 was
1228 3866 1260 3900 a
1334 3850 1516 3901 raetice
1555 3850 1684 3901 with
1788 3852 1953 3900 Μία
1983 3853 2041 3901 de
2076 3851 2260 3900 ambitu
2294 3852 2562 3916 were—(l)
2598 3850 2652 3900 It
2675 3852 2818 3902 made
2847 3852 2937 3904 the

528 3915 765 3990 wealthy
784 3914 1000 3965 Romans
1032 3920 1085 3964 to
1126 3914 1234 3980 buy
1266 3931 1299 3980 g
1430 3922 1532 3966 tors
1563 3931 1620 3965 as
1651 3932 1684 3966 a
1782 3918 2010 3965 divuom
2029 3915 2287 3966 amenable
2306 3921 2359 3966 to
2380 3915 2510 3974 law3
2552 3917 2619 3980 (2)
2654 3915 2698 3965 it
2730 3916 2936 3967 forbade

526 3978 850 4055 speculation,
893 3985 947 4029 to
978 3978 1108 4029 have
1141 3979 1277 4030 them
1309 3980 1518 4043 trained,
1556 3980 1682 4030 then
1780 3980 1868 4030 the
1902 3980 2078 4045 giving
2105 3980 2160 4030 of
2185 3996 2352 4057 gemes
2379 3996 2435 4030 as
2459 3996 2524 4030 an
2554 3979 2762 4031 election

528 4051 582 4094 to
616 4044 731 4108 give
768 4059 801 4093 a
837 4043 977 4095 show
1010 4059 1064 4093 as
1101 4059 1134 4093 a
1166 4044 1413 4107 specimen
1449 4045 1505 4095 of
1545 4045 1682 4096 their
1781 4044 1984 4103 devioe;
2038 4045 2108 4111 (3)
2144 4045 2186 4094 it
2219 4044 2465 4109 punished
2498 4045 2640 4096 those
2674 3997 2936 4097 conffl

526 4124 736 4172 powers,
779 4124 835 4158 so
868 4124 924 4158 as
959 4115 1012 4159 to
1047 4107 1241 4171 dispose
1276 4109 1332 4158 of
1372 4109 1509 4160 them
1550 4115 1605 4160 at
1646 4125 1679 4161 a
1780 4109 1852 4176 by
1872 4114 1960 4160 ten
1981 4109 2141 4175 years’
2167 4110 2329 4161 exile.
2365 4109 2537 4174 Lange
2557 4109 2766 4160 iii.245.

525 4174 673 4237 profit
693 4181 746 4223 to
767 4172 854 4223 the
874 4173 1057 4224 aediles
1077 4173 1159 4224 for
1178 4173 1265 4223 the
1291 4173 1459 4236 public
1487 4189 1672 4238 gamos.
1840 4176 2228 4224 mmmm-ium
2318 4177 2356 4225 i.
2379 4191 2420 4224 o.
2447 4175 2515 4241 by
2539 4174 2754 4225 Atticus.

592 4240 758 4300 cupide
778 4237 1091 4304 relinquenti]
1155 4236 1247 4301 Cp.
1271 4239 1439 4300 cupide
1459 4246 1504 4287 et
1529 4240 1678 4288 liban·
1843 4242 1944 4289 tileo
1966 4241 2074 4289 bene
2094 4242 2212 4290 olere
2302 4246 2480 4289 ecastor
2507 4242 2680 4289 mulier
2700 4246 2824 4290 recto
2843 4243 2936 4291 olet

528 4308 601 4351 ter
632 4306 857 4364 mentiar,
883 4319 973 4367 pro
1010 4302 1073 4360 Q.
1112 4301 1259 4353 Rosc.
1301 4318 1427 4352 coin.
1465 4306 1562 4358 492
1595 4320 1677 4352 cu-
1779 4304 2590 4367 ubinilolet,Plaut.Most.i.3,
2622 4307 2733 4354 116.

520 4369 637 4429 pido
671 4370 954 4431 reliquisset,
990 4367 1129 4419 Suet.
1154 4367 1266 4417 Tib.
1294 4370 1371 4418 11.
1444 4367 1508 4417 In
1532 4367 1675 4419 Fam.
1845 4368 2062 4445 arculas]
2127 4369 2247 4420 here
2285 4369 2661 4434 ‘paint-bomin
2682 4370 2698 4395 ’
2733 4369 2791 4419 in
2825 4369 2928 4421 off.

522 4431 614 4481 vii.
659 4435 707 4493 1,
751 4436 797 4495 1,
841 4431 1012 4483 Cicero
1054 4448 1309 4497 expresses
1351 4448 1384 4482 a
1425 4449 1551 4499 very
1586 4449 1674 4483 en·
1776 4430 1833 4484 ii.
1876 4436 1957 4497 25,
2004 4433 2049 4484 it
2083 4451 2255 4486 means
2297 4434 2701 4501 ‘jeweLoasesz’
2752 4451 2836 4488 see
2865 4452 2936 4488 on

521 4470 797 4562 lightened
798 4496 979 4550 dislike
997 4496 1081 4548 for
1099 4497 1224 4550 such
1243 4497 1530 4563 spectacles.
1589 4497 1677 4549 He
1776 4498 2035 4562 ληκύθους,
2071 4500 2182 4552 Att.
2215 4499 2254 4550 i.
2291 4503 2369 4565 14,
2404 4503 2453 4550 3.
