3229 5145
526 457 649 520 172
1146 458 1293 523 ΕΡ.
1342 459 1514 524 XII.
1570 459 1727 544 (DE
1765 458 1968 524 PET.
2023 458 2308 543 CONS.)

523 651 671 695 nem
702 632 766 696 et
795 652 1011 697 eorum
1043 632 1275 714 studia,
1306 632 1419 719 qui
1456 632 1779 699 contiones
1819 635 2061 713 tenent,
2093 634 2363 718 adeptus
2403 653 2469 697 es
2506 631 2578 697 in
2607 630 2917 718 Pompeio

524 734 829 814 ornando,
859 733 1119 800 Manilii
1148 759 1338 802 causa
1362 736 1748 823 recipienda,
1781 735 2076 803 Cornelio
2107 735 2547 814 defendend03
2581 736 2923 802 excitanda

523 835 708 902 nobis
737 843 908 918 sunt,
941 861 1105 923 quae
1143 839 1352 906 adhuc
1389 839 1619 906 habuit
1656 862 1844 906 nemo
1884 840 2042 925 quin
2080 839 2253 905 idem
2292 838 2772 926 splendidorum
2802 839 2918 905 ho-

522 940 775 1006 minum
805 942 1165 1008 voluntates
1190 942 1471 1009 haberet.
1561 943 1990 1009 Efficiendum
2029 944 2224 1008 etiam
2263 943 2430 1008 illud
2467 946 2581 1024 est,
2612 947 2688 1009 ut
2717 943 2924 1008 sciant

524 1065 744 1109 omnes
773 1043 892 1109 Gn.
925 1044 1218 1132 Pompeii
1247 1069 1566 1112 summam
1603 1070 1738 1113 esse
1777 1069 1931 1133 erga
1967 1051 2033 1112 te
2064 1046 2461 1113 voluntatem
2490 1050 2555 1111 et
2585 1045 2921 1112 vehemen-

523 1153 623 1212 ter
652 1149 736 1212 ad
762 1148 939 1213 illius
965 1150 1244 1216 rationes
1272 1156 1338 1216 te
1366 1151 1434 1215 id
1466 1151 1750 1236 adsequi,
1781 1151 1955 1237 quod
1983 1150 2165 1237 petis,
2197 1151 2535 1235 pertinere.
2626 1150 2732 1214 52.
2765 1149 2922 1214 Pos-

522 1255 728 1317 tremo
763 1256 902 1318 tota
938 1253 1163 1339 petitio
1193 1277 1344 1319 cura
1382 1259 1458 1320 ut
1495 1276 1768 1341 pompae
1807 1254 2002 1340 plena
2039 1253 2141 1334 sit,
2171 1257 2248 1318 ut
2287 1251 2574 1332 illustris,
2606 1258 2684 1318 ut
2710 1252 2921 1338 splen-

526 1354 698 1434 dida,
736 1359 811 1420 ut
848 1356 1173 1442 popularis
1211 1358 1315 1438 sit,
1344 1362 1420 1423 ut
1458 1357 1692 1423 habeat
1731 1379 2049 1422 summam
2088 1355 2360 1442 speciem
2400 1378 2474 1421 ac
2513 1355 2921 1441 dignitatem,

524 1460 602 1523 ut
630 1458 845 1539 etiam,
870 1460 925 1524 si
946 1483 1075 1546 qua
1102 1463 1319 1547 possit,
1341 1484 1510 1527 nova
1530 1459 2050 1547 competitoribus
2077 1460 2207 1524 tuis
2238 1460 2502 1524 exsistat
2531 1463 2645 1524 aut
2673 1459 2925 1524 sceleris

521 1566 637 1626 aut
663 1561 951 1628 libidinis
980 1568 1092 1629 aut
1119 1564 1479 1651 largitionis
1508 1565 1982 1630 accommodata
2020 1564 2105 1628 ad
2140 1584 2360 1628 eorum
2387 1584 2594 1628 mores
2622 1561 2918 1627 infamia.

528 1665 634 1729 53.
680 1664 901 1751 Atque
950 1667 1146 1732 etiam
1183 1668 1253 1732 in
1303 1667 1425 1733 hac
1461 1668 1772 1754 petitione
1808 1667 2088 1733 maxime
2118 1666 2470 1731 videndum
2511 1669 2625 1746 est,
2668 1671 2745 1731 ut
2783 1687 2926 1752 spes

526 1768 620 1833 rei
648 1768 940 1854 publicae
972 1769 1141 1836 bona
1169 1772 1250 1837 de
1278 1776 1343 1837 te
1377 1772 1462 1837 sit
1490 1776 1555 1837 et
1581 1770 1850 1837 honesta
1878 1770 2114 1856 opini0,
2145 1791 2263 1834 nec
2290 1774 2509 1834 tamen
2542 1769 2612 1833 in
2647 1770 2924 1854 petendo

536 1870 669 1958 [res
709 1870 997 1961 publica]
1042 1876 1425 1959 capessenda
1467 1880 1562 1941 est
1601 1896 1809 1960 neque
1851 1875 1923 1938 in
1968 1876 2197 1939 senatu
2235 1894 2443 1958 neque
2489 1871 2560 1936 in
2606 1872 2920 1938 contione.

535 1974 663 2041 Sed
692 1975 847 2042 haec
885 1977 1007 2042 tibi
1046 1982 1199 2043 sunt
1226 1979 1583 2058 retinenda,
1628 1983 1705 2044 ut
1733 1982 1989 2043 senatus
2015 1980 2081 2041 te
2123 1975 2446 2040 existimet
2487 1998 2569 2041 ex
2614 1997 2708 2057 ec,
2752 1976 2927 2061 quod

530 2080 627 2144 ita
642 2080 895 2160 vixeris,
928 2081 1325 2148 defensorem
1354 2081 1753 2148 auctoritatis
1781 2102 1932 2145 suae
1956 2080 2114 2159 fore,
2146 2079 2393 2164 equites
2411 2077 2695 2144 Romani
2715 2084 2781 2144 et
2803 2077 2926 2144 viri

531 2181 685 2248 boni
716 2206 789 2249 ac
816 2183 1162 2270 locupletes
1190 2208 1273 2250 ex
1300 2186 1436 2251 vita
1467 2191 1608 2251 acta
1636 2188 1701 2249 te
1730 2183 2089 2249 studiosum
2119 2183 2237 2248 otii
2265 2204 2339 2247 ao
2366 2205 2580 2247 rerum
2609 2183 2925 2267 tranquil-

532 2287 763 2367 latum,
793 2287 1143 2354 multitudo
1185 2311 1266 2354 ex
1294 2312 1389 2369 eo,
1434 2289 1608 2375 quod
1636 2288 1977 2353 dumtaxat
2006 2287 2291 2351 oratione
2320 2286 2390 2350 in
2421 2285 2822 2351 contionibus
2853 2308 2926 2351 ac

532 2390 770 2456 iudicio
798 2392 1124 2477 popularis
1153 2391 1354 2472 fuisti,
1385 2396 1450 2457 te
1481 2414 1521 2457 a
1548 2390 1682 2457 suis
1709 2388 2057 2456 commodis
2085 2411 2216 2454 non
2249 2389 2534 2454 alienum
2564 2388 2877 2454 futurum.

619 2493 818 2561 XIV.
887 2497 993 2561 54.
1059 2495 1246 2561 Haec
1291 2495 1634 2562 veniebant
1692 2494 1856 2560 mihi
1915 2493 1987 2557 in
2035 2498 2319 2558 mentem
2372 2493 2452 2557 de
2496 2490 2747 2557 duabus
2795 2491 2927 2557 illis

535 2599 1175 2666 commentationibus
1216 2601 1573 2680 matutinis,
1624 2599 1798 2686 quod
1837 2597 1961 2663 tibi
2007 2597 2239 2662 cotidie
2292 2597 2377 2662 ad
2416 2597 2630 2662 forum
2669 2598 2927 2662 descen·

537 2702 718 2767 denti
753 2703 1197 2776 meditandum
1233 2725 1367 2768 esse
1401 2704 1727 2769 dixeram:
1776 2709 1793 2738 ‘
1813 2701 2043 2768 Novus
2087 2723 2249 2780 sum,
2289 2699 2690 2765 consulatum
2733 2699 2925 2785 peto.'

537 2804 830 2870 Tertium
871 2810 1104 2872 restat:
1170 2812 1189 2843 ‘
1209 2805 1420 2873 Roma
1461 2806 1600 2888 est‚’
1648 2806 1872 2872 civitas
1911 2828 1993 2870 ex
2035 2804 2375 2870 nationum
2415 2808 2736 2868 conventu
2778 2818 2954 2868 con-⁴

536 2998 760 3053 versetur,
786 2991 974 3055 depcnd
1004 3008 1068 3042 on
1091 2995 1415 3056 perficiatur,-
1453 2993 1589 3042 ‘that
1614 3009 1682 3043 no
1777 2991 1891 3049 lius,
1931 2990 2178 3040 delivered
2232 3004 2282 3039 Δ.
2327 3005 2379 3038 υ.
2423 3005 2469 3039 c.
2518 2993 2611 3039 689
2661 2990 2729 3054 (b.
2754 3006 2799 3039 c.
2843 2990 2955 3053 65)·

537 3055 747 3119 possible
765 3073 932 3105 means
947 3057 1008 3106 be
1025 3057 1278 3119 neglected
1296 3064 1348 3107 to
1364 3058 1508 3121 bring
1529 3058 1682 3107 about
1784 3058 1980 3119 (Ascon.
2018 3055 2070 3104 in
2105 3054 2294 3117 Corn.).

537 3120 814 3170 this—that
847 3121 931 3170 the
1004 3121 1135 3172 ublic
1168 3122 1344 3172 should
1375 3128 1464 3172 not
1493 3122 1682 3186 merely
1844 3119 2153 3185 vohenwnter]
2225 3122 2239 3146 ⁸
2254 3120 2350 3169 and
2387 3118 2498 3169 that
2527 3118 2571 3168 it
2602 3119 2767 3169 would
2809 3135 2925 3182 per-

538 3185 658 3234 hear
690 3192 743 3234 at
769 3186 944 3234 second
1006 3188 1104 3236 and
1133 3187 1188 3236 of
1214 3187 1282 3236 all
1310 3187 1447 3237 these
1474 3188 1682 3251 popular
1777 3183 1900 3234 fectl
1967 3185 2060 3234 fall
2091 3185 2145 3234 in
2188 3184 2309 3233 with
2364 3183 2443 3233 his
2496 3183 2636 3248 plans
2677 3183 2787 3233 that
2829 3200 2930 3249 you

538 3249 774 3311 practices
802 3250 858 3298 of
877 3265 1043 3314 yours,
1065 3251 1156 3300 but
1185 3250 1361 3301 should
1386 3251 1682 3301 themselves
1780 3249 1869 3299 sho
1924 3250 1955 3299 d
1988 3248 2105 3313 gain
2137 3248 2221 3298 the
2255 3249 2393 3298 office
2425 3264 2526 3312 you
2558 3247 2712 3298 seekl

540 3314 601 3363 be
619 3313 833 3377 brought
847 3313 956 3364 face
972 3322 1023 3364 to
1039 3315 1145 3365 face
1162 3316 1283 3365 with
1301 3316 1434 3365 them
1450 3317 1463 3339 ’
1488 3316 1683 3381 (should
1849 3316 1927 3363 52.
1961 3312 2181 3378 pompae]
2252 3320 2265 3341 ‘
2281 3313 2512 3377 display.’

539 3377 832 3428 themselves
854 3379 915 3427 be
937 3378 1021 3428 the
1043 3380 1292 3430 observet-s
1314 3396 1370 3430 or
1390 3380 1474 3430 the
1495 3381 1684 3457 objects

541 3443 597 3492 of
624 3458 751 3506 your
781 3450 1008 3507 courtesy
1036 3446 1134 3493 and
1164 3444 1434 3508 kindness).
1516 3446 1686 3495 Cicero

542 3508 724 3569 would,
764 3508 819 3557 of
851 3523 1035 3569 course,
1078 3525 1228 3559 never
1264 3509 1392 3560 have
1424 3510 1624 3560 written
1655 3527 1687 3560 a

540 3578 769 3635 sentence
809 3572 910 3622 like
952 3573 1070 3623 this.
1147 3573 1172 3622 1
1216 3575 1344 3625 have
1386 3574 1597 3625 inserted
1641 3591 1688 3623 se

542 3637 673 3686 after
692 3653 822 3685 nom
833 3655 857 3695 ,·
891 3653 967 3700 cp.
992 3654 1101 3700 esee,
1129 3637 1151 3702 ξ
1176 3640 1254 3687 35.

608 3705 686 3750 51.
724 3703 927 3751 Manilii
947 3719 1090 3750 causa
1114 3703 1405 3770 recipienda]
1483 3706 1687 3753 ‘under-

543 3767 714 3829 takinq
750 3765 835 3816 the
868 3783 976 3816 case
1009 3767 1064 3817 of
1096 3767 1369 3829 ManiliuS,’
1407 3768 1486 3818 for
1519 3768 1689 3818 Cicero

544 3846 647 3880 was
668 3846 820 3881 never
847 3831 1003 3881 called
1032 3848 1097 3881 on
1124 3840 1177 3882 to
1204 3832 1339 3881 fulffl
1370 3833 1449 3882 his
1477 3834 1689 3896 promise

543 3894 598 3945 of
630 3894 897 3960 defending
926 3895 1180 3958 Manilius,
1216 3913 1270 3947 as
1304 3898 1389 3947 the
1420 3898 1567 3948 latter
1598 3898 1687 3947 ab·

544 3962 753 4010 sconded
773 3960 941 4011 before
961 3960 1040 4010 his
1060 3960 1190 4011 trial.
1251 3961 1329 4011 On
1350 3962 1521 4027 laying
1541 3963 1687 4013 down

544 4025 623 4075 his
658 4026 921 4087 tribunate,
965 4025 1203 4076 Manilius
1241 4043 1343 4077 was
1379 4029 1588 4077 accused
1620 4027 1690 4092 by

544 4106 637 4140 one
658 4089 713 4140 of
737 4091 821 4140 the
845 4092 1032 4139 nobiles.
1102 4090 1353 4153 Plutarch,
1387 4091 1441 4140 in
1470 4091 1549 4141 his
1578 4091 1692 4141 Life

545 4154 601 4204 of
622 4154 805 4216 Cicero,
828 4155 908 4204 ch.
938 4154 1030 4217 ix„
1052 4171 1165 4220 says
1195 4156 1238 4205 it
1258 4173 1359 4206 was
1380 4172 1411 4205 a
1431 4155 1610 4220 charge
1632 4155 1689 4206 of

544 4219 675 4268 theft
709 4221 937 4283 (κλοπῆς)
969 4220 1079 4269 that
1110 4236 1211 4270 was
1250 4220 1465 4285 brought
1495 4222 1693 4285 against

545 4283 802 4333 Manilius.
895 4284 992 4335 Dio
1037 4284 1236 4335 Cassius
1277 4285 1475 4350 (xxxvi.
1515 4289 1599 4349 44)
1646 4287 1690 4335 is

545 4364 678 4398 more
715 4364 911 4414 vague:
972 4350 1109 4410 δίκης
1152 4349 1213 4400 τέ
1253 4369 1384 4402 τινος
1431 4353 1550 4415 πρὸς
1594 4355 1691 4402 τῶν

547 4416 761 4464 δυνατῶν
792 4416 1293 4478 παρασκευασθείσης.

614 4480 823 4527 Cornelio
857 4479 1163 4545 defendendo]
1229 4479 1325 4530 We
1358 4480 1485 4529 have
1516 4486 1692 4545 scanty

544 4540 814 4606 fragments
846 4545 899 4592 of
929 4550 1027 4595 two
1061 4544 1289 4607 specches
1318 4545 1397 4595 for
1424 4546 1480 4595 C.
1509 4545 1690 4596 Corne-

1849 3381 1927 3428 53.
1965 3395 2047 3427 nec
2064 3387 2217 3427 tamen
2235 3380 2288 3426 in
2296 3385 2398 3440 pcc.
2419 3379 2695 3438 capessenda
2711 3377 2804 3442 ost]
2856 3393 2926 3426 sc.

1784 3459 1887 3557 εἴς’
2066 3444 2202 3557 3⁰3⁰
2211 3450 2286 3557 ..ε’
2310 3445 2509 3556 mr
2539 3442 2932 3557 asflat-¹12²

1786 3524 1913 3637 yoliir
1922 3524 2130 3622 lgaffsass
2147 3572 2215 3636 by
2234 3588 2357 3634 your
2368 3523 2661 3621 {emiment}
2676 3588 2770 3634 exp
2899 3523 2933 3569 g

1786 3645 1839 3687 to
1860 3646 2025 3687 senate
2046 3653 2101 3687 or
2120 3636 2319 3700 people;
2338 3637 2351 3661 '
2377 3636 2558 3700 during
2581 3652 2706 3700 your
2726 3652 2934 3686 canvass

1787 3718 1889 3766 you
1926 3710 2059 3751 must
2101 3702 2266 3750 rather
2306 3700 2452 3750 think
2489 3705 2546 3750 ot'
2574 3700 2830 3764 offending
2867 3717 2934 3751 no

1788 3767 1928 3816 class.
1997 3767 2110 3816 You
2132 3766 2236 3815 will
2258 3767 2320 3815 do
2347 3781 2480 3815 more
2501 3765 2641 3814 harm
2661 3766 2782 3815 than
2806 3767 2933 3829 good

1786 3830 1832 3880 if
1861 3833 1913 3879 in
1942 3831 2052 3881 that
2086 3838 2224 3894 stage
2252 3831 2308 3881 of
2339 3830 2425 3880 the
2457 3829 2679 3880 business
2707 3846 2809 3895 you
2837 3847 2934 3879 run

1786 3895 1917 3945 after
1952 3895 2251 4009 ‘popularity
2293 3902 2376 3945 too
2424 3895 2572 3971 much
2596 3912 2609 3955 ;
2665 3895 2709 3944 it
2756 3895 2935 3944 should

1786 3976 1946 4075 3³33&
1973 3960 2568 4075 ffirtzss‘inffiffiz„
2617 3958 2932 4085 temti·

1789 4089 1954 4140 which
1978 4090 2141 4139 would
2169 4090 2294 4139 have
2326 4088 2450 4138 been
2482 4040 2744 4153 suggested
2773 4097 2826 4139 to
2847 4060 2934 4137 the

1790 4155 1982 4219 copyist
2016 4154 2084 4219 by
2118 4156 2184 4203 its
2217 4154 2450 4217 frequent
2484 4154 2775 4204 association
2810 4153 2935 4202 with

1791 4235 2125 4333 ωρὲἶῖἔοὶίόἱ
2174 4291 2287 4332 sunt
2332 4282 2607 4346 retinenda]
2697 4286 2711 4310 ‘
2728 4281 2937 4332 consilia

1789 4348 1990 4411 publica
2021 4349 2074 4398 in
2107 4354 2282 4398 senatu
2314 4347 2636 4410 contioneque
2683 4347 2936 4397 reticenda

1790 4413 1884 4463 tibi
1906 4420 2024 4463 sunt
2046 4420 2096 4463 et
2117 4412 2442 4469 reservanda,'
2479 4411 2640 4460 Biich.

1858 4482 1936 4528 54.
1975 4464 2131 4543 H'aec]
2201 4486 2213 4505 ⁸
2233 4476 2354 4525 This
2387 4478 2429 4525 is
2458 4477 2594 4526 what
2625 4476 2856 4525 occurred
2884 4482 2936 4525 to

1793 4561 1870 4595 me
1904 4560 1968 4594 on
1990 4544 2074 4594 the
2108 4542 2300 4607 subject
2323 4541 2377 4592 of
2405 4541 2489 4593 the
2516 4548 2617 4593 two
2639 4541 2745 4591 first
2766 4557 2933 4591 morn-
