3229 5145
528 439 660 505 318
1284 438 1432 505 ΕΡ.
1480 439 1559 504 L.
1612 437 1847 524 (ATT.
1879 440 1984 505 II.
2017 439 2154 525 23.)

899 809 982 877 L.
1073 803 1190 878 ΤΟ
1232 810 1657 893 ATTIOUS,
1702 833 1778 878 m
1822 812 2088 879 Eunus
2137 811 2330 898 (Arr.
2366 834 2421 879 11
2454 817 2575 899 23).

983 1019 1190 1081 1101111,
1232 1021 1295 1066 A.
1328 1020 1395 1066 11.
1429 1020 1484 1064 0.
1532 1018 1664 1081 ⁶963
1708 1021 1771 1065 B.
1803 1020 1860 1066 c.
1900 1018 2007 1075 593
2056 1020 2205 1066 aar.
2238 1020 2359 1064 c1c.
2399 1015 2483 1069 47.

632 1185 710 1237 De
729 1184 939 1250 epistola
957 1190 1156 1250 propter
1173 1201 1418 1237 summam
1444 1185 1820 1250 occupationem
1838 1184 1895 1236 in
1921 1185 2222 1237 ambulando
2252 1184 2452 1249 dietata,
2487 1185 2550 1235 de
2582 1184 2678 1235 Gn.
2718 1184 2952 1250 Pompeii

530 1267 767 1333 illiusque
786 1265 941 1331 partis
970 1267 1150 1317 misera
1167 1266 1470 1327 condicione,
1505 1267 1568 1317 de
1587 1266 1779 1318 ratione
1798 1282 1891 1317 sua
1910 1267 2133 1330 vivendi,
2154 1282 2304 1332 quam
2328 1266 2430 1317 iam
2450 1265 2704 1331 superiore
2734 1266 2954 1332 epistola

530 1353 841 1414 exposuerat,
867 1348 929 1399 de
949 1347 1009 1398 P.
1029 1347 1202 1399 Clodio
1221 1347 1319 1399 sibi
1338 1347 1578 1412 minante,
1597 1348 1662 1400 de
1681 1349 1904 1401 adventu
1922 1347 2082 1400 Attici
2099 1347 2441 1399 ardentissime
2465 1364 2497 1399 a
2517 1363 2571 1400 ιο
2590 1352 2895 1413 exspectato.

1364 1545 1628 1602 CICERO
1665 1544 1927 1602 ATTICO
1964 1545 2116 1601 SAL.

669 1694 729 1758 1.
773 1690 1153 1777 Numquam
1180 1694 1332 1757 ante
1362 1689 1640 1758 arbitror
1665 1693 1733 1757 te
1769 1690 2107 1777 epistolam
2132 1712 2345 1757 meam
2376 1688 2606 1777 legisse
2643 1690 2773 1756 nisi
2800 1713 2948 1757 mea

535 1817 737 1862 manu
778 1794 1096 1880 scriptam.
1185 1793 1295 1859 Ex
1336 1817 1412 1860 00
1454 1793 1753 1881 colligere
1795 1794 2033 1881 poteris
2074 1797 2318 1880 quanta
2358 1792 2771 1879 occupatione
2813 1794 2944 1860 dis·

535 1900 764 1965 tinear.
879 1895 1058 1963 Nam
1114 1919 1262 1962 cum
1302 1896 1488 1963 vacui
1527 1897 1834 1984 temporis
1874 1897 2043 1963 nihil
2082 1896 2386 1963 haberem
2444 1901 2510 1964 et
2550 1919 2700 1962 cum
2741 1918 2943 1964 reore-

534 2003 742 2067 andae
782 2000 1043 2067 voculae
1099 2022 1288 2066 causa
1342 2022 1591 2066 necesse
1648 2003 1812 2067 esset
1866 2000 2030 2066 mihi
2086 1999 2433 2081 ambulare,
2491 1997 2649 2065 haec
2706 1999 2946 2066 dictavi

536 2103 888 2171 ambulans.
992 2106 1056 2167 2.
1103 2102 1409 2189 Primum⁴
1423 2102 1630 2189 igitur
1655 2103 1823 2171 illud
1852 2106 1919 2170 te
1947 2103 2104 2170 scire
2131 2103 2297 2183 volo,
2342 2101 2943 2188 Sampsiceramum,

536 2212 828 2274 nostrum
882 2207 1179 2287 amicum,
1223 2206 1632 2273 vehementer
1683 2207 1784 2273 sui
1825 2209 2031 2274 status
2071 2205 2395 2293 paenitere
2451 2205 2831 2291 restituique
2873 2206 2944 2272 in

534 2333 687 2376 eum
742 2310 953 2376 locum
1003 2332 1252 2396 cupere,
1309 2332 1391 2376 ex
1432 2332 1559 2395 quo
1603 2310 1860 2391 decidit,
1920 2310 2330 2396 doloremque
2386 2331 2576 2374 suum
2617 2309 2947 2396 impertire

537 2413 723 2481 nobis
779 2418 846 2481 et
886 2413 1269 2479 medicinam
1311 2412 1638 2480 interdum
1681 2418 1900 2500 aperte
1956 2435 2293 2499 quaerere:
2354 2434 2550 2498 quam
2592 2435 2716 2497 ego
2766 2435 2948 2499 pom

538 2516 815 2585 inveniri
847 2517 1096 2583 nullam
1124 2520 1320 2604 puto:
1366 2516 1597 2584 deinde
1631 2538 1852 2584 omnes
1877 2516 2055 2583 illius
2080 2516 2283 2603 partis
2310 2519 2596 2582 auctores
2627 2538 2702 2582 ac
2729 2516 2944 2597 socios,

538 2622 717 2687 nullo
789 2621 1167 2702 adversarie,
1240 2643 1695 2701 consenescere,
1768 2620 2244 2687 consensionem
2314 2619 2761 2686 universorum
2831 2643 2946 2687 nec

537 2724 888 2792 voluntatis
929 2747 1047 2790 1100
1087 2724 1392 2790 sermonis
1432 2724 1738 2790 maiorem
1780 2746 2089 2810 umquam
2132 2723 2346 2789 fuisse.
2438 2723 2497 2788 3.
2542 2721 2687 2789 Nos
2728 2729 2946 2791 autem

539 2850 779 2894 —nam
807 2827 878 2893 id
904 2833 969 2892 te
999 2828 1153 2893 scire
1189 2849 1416 2913 cupere
1444 2832 1613 2893 certo
1656 2827 2141 2914 scio—publicis
2182 2825 2461 2892 consiliis
2500 2827 2700 2892 nullis
2744 2828 2942 2895 inter·

541 2954 759 2997 sumus
798 2935 1090 3015 totosque
1133 2953 1249 2997 nos
1290 2932 1376 2996 ad
1416 2930 1735 2997 forensem
1776 2952 2038 3017 operam
2078 2930 2486 3015 laboremque
2531 2931 2939 2997 contulimus.

540 3034 649 3099 Ex
693 3056 838 3119 quc,
885 3035 1057 3119 quod
1108 3033 1295 3100 facile
1351 3033 1646 3120 intellegi
1687 3033 1905 3120 possit,
1956 3034 2028 3099 in
2085 3032 2293 3099 multa
2346 3035 2944 3100 commemoratione

541 3160 761 3202 00111111
787 3159 1020 3216 10111111,
1053 3159 1212 3221 quas
1240 3136 1569 3222 gessimus,
1600 3136 2037 3222 desiderioque
2059 3159 2400 3203 versamur.
2461 3135 2593 3203 Sed
2611 3137 2946 3222 βοώπιὲος

541 3245 794 3306 nostrae
822 3241 1332 3327 consanguineus
1356 3263 1490 3307 non
1519 3240 1865 3307 mediocres
1893 3244 2160 3306 terrores
2187 3239 2338 3305 iacit
2367 3243 2560 3325 atque
2581 3240 2944 3320 denuntiat,

540 3347 609 3410 et
636 3342 1131 3429 Sampsiceramo
1173 3347 1391 3430 negat,
1435 3344 1658 3411 ceteris
1693 3367 1846 3431 prae
1887 3367 1955 3410 se
1983 3343 2112 3409 fert
2138 3347 2204 3409 et
2231 3346 2526 3409 ostentat.
2618 3343 2837 3415 Quam
2868 3345 2947 3410 ob

612 3551 656 3596 1.
691 3548 965 3609 Numquam
987 3545 1123 3613 ante]
1191 3547 1282 3596 See
1310 3547 1419 3597 Att.
1447 3546 1503 3597 ii.
1530 3550 1610 3611 20,
1639 3549 1687 3610 5,
1857 3549 1990 3597 nullo
2034 3547 2322 3607 adversario,
2385 3546 2722 3612 consenescere]
2831 3547 2947 3598 ‘the

544 3626 702 3676 neque
724 3616 838 3660 utar
853 3627 961 3660 meo
983 3611 1119 3660 chiro
1207 3612 1323 3675 pho,
1349 3627 1509 3676 neque
1531 3612 1689 3688 signo.
1792 3628 1938 3662 cause
1964 3610 2037 3677 (of
2057 3612 2142 3661 the
2162 3610 2433 3675 triumvir-s)
2461 3611 2505 3660 is
2526 3610 2686 3676 dying
2703 3629 2734 3662 a
2751 3614 2947 3663 natural

608 3678 884 3725 recreandae
930 3678 1111 3725 voculae
1207 3681 1221 3704 ‘
1239 3691 1326 3740 my
1359 3692 1478 3739 poor
1509 3676 1688 3738 vorce,’
1793 3676 1956 3727 death.
2025 3676 2073 3725 N
2076 3692 2191 3726 ever
2233 3691 2336 3724 was
2380 3675 2505 3725 such
2552 3692 2617 3725 an
2663 3677 2945 3742 unanimity

544 3741 671 3790 tried
704 3741 737 3790 b
807 3740 893 3790 the
928 3756 1067 3801 opera
1122 3743 1301 3789 oren-sie
1334 3747 1388 3790 to
1425 3740 1591 3792 which
1628 3741 1694 3792 he
1792 3741 1915 3791 both
1936 3741 1992 3791 of
2010 3740 2199 3805 feeling
2214 3741 2312 3790 and
2327 3739 2612 3804 expression
2631 3742 2946 3807 againstany

546 3805 649 3855 refe
788 3804 1154 3854 inlastletter:
1193 3804 1260 3854 cf.
1296 3808 1590 3870 muliercula,
1634 3807 1696 3857 ‘a
1792 3806 1978 3872 party!

546 3869 794 3920 wretched
821 3873 1049 3920 woman!
1142 3869 1233 3920 See
1259 3869 1363 3919 also
1391 3885 1457 3919 on
1489 3870 1597 3919 Att.
1635 3870 1690 3920 ii.
1860 3875 1907 3920 3.
1943 3872 2023 3920 Ex
2044 3887 2135 3933 quo
2166 3908 2179 3920 .
2210 3908 2223 3919 .
2253 3906 2267 3919 .
2291 3869 2566 3934 maamur]
2633 3870 2834 3922 ‘which
2858 3875 2942 3948 (sc.

552 3938 595 3996 1,
639 3937 686 3998 8,
725 3934 889 3984 where
923 3934 950 3983 1
984 3934 1113 3984 have
1151 3936 1412 3998 suggested
1444 3934 1556 3985 that
1586 3937 1691 3984 Bo·
1793 3935 1880 3985 the
1897 3936 2028 3984 labor
2070 3935 2265 3996 orauit)
2288 3934 2468 3984 entails
2482 3934 2634 3984 much
2647 3942 2948 4000 recountang

545 4002 699 4047 mulae
731 3998 894 4063 might
922 4015 1080 4056 mean,
1122 4003 1241 4048 ‘our
1262 4014 1380 4061 poor
1399 3999 1694 4063 degenerate
1792 3999 1848 4050 of
1880 4016 1967 4065 my
2005 4015 2035 4049 o
2054 4001 2087 4049 d
2121 3999 2317 4063 glories,
2362 4000 2461 4048 and
2498 3999 2694 4063 painful
2735 4017 2946 4053 remam-

548 4063 739 4114 Rome.'
811 4064 900 4126 Cp.
928 4066 1194 4125 nepotulus,
1220 4062 1298 4112 Pl.
1326 4063 1437 4113 Mil.
1468 4066 1611 4113 1413.
1793 4064 1973 4115 branoe
1994 4064 2049 4114 of
2070 4064 2157 4114 the
2179 4064 2349 4114 same.’

614 4132 659 4177 2.
698 4127 1148 4204 Sampsiceramum]
1215 4127 1323 4178 The
1358 4144 1504 4179 name
1540 4129 1599 4178 of
1628 4144 1693 4179 an
1856 4126 2084 4195 terrores]
2148 4127 2584 4194 ἱκοῦ-1001110101.
2608 4129 2874 4186 Att.vi.s,
2901 4134 2946 4194 2,

547 4192 689 4241 Emit
727 4192 783 4241 in
827 4193 971 4242 Coele
1017 4193 1177 4257 Syna,
1224 4193 1361 4242 osten
1401 4191 1599 4256 applied
1641 4197 1694 4243 to
1792 4195 1938 4243 miros
2003 4201 2204 4243 terrores
2274 4195 2595 4255 Caesarianos,
2671 4198 2688 4222 ‘
2705 4194 2951 4259 alm-ming

548 4255 825 4320 Pompeius.
907 4257 1082 4320 Vogiie
1119 4257 1280 4322 (Syrie
1311 4260 1533 4307 centrata.
1601 4259 1694 4307 In·
1792 4274 1929 4308 news
1949 4258 2102 4308 about
2118 4257 2330 4308 Caesar!
2369 4257 2538 4308 800011
2555 4257 2618 4314 Q.
2637 4256 2725 4308 Fr.
2742 4258 2781 4309 i.
2801 4264 2846 4322 1,
2872 4264 2946 4309 19.

547 4323 800 4382 scriptione
823 4322 1119 4383 Se'mitiques,
1140 4338 1193 4371 n.
1212 4323 1311 4385 75),
1331 4321 1592 4373 translates
1606 4321 1696 4372 the
1861 4325 2232 4385 Sampsiceramo
2253 4329 2412 4397 negat,
2439 4324 2606 4371 ceteris
2621 4339 2748 4385 prae
2763 4324 2949 4388 ecfert]

547 4387 684 4435 word
727 4387 852 4436 Solis
902 4388 1061 4435 robur.
1134 4386 1249 4436 Sam
1311 4385 1549 4437 ’ceramus
1592 4402 1697 4438 was
1801 4390 1815 4415 ‘
1832 4386 1916 4437 He
1932 4387 2101 4437 denies
2121 4387 2278 4438 tothe
2291 4386 2448 4451 Emrr,
2474 4387 2567 4437 but
2582 4388 2768 4452 openly
2783 4405 2952 4440 avovs

545 4449 631 4500 the
653 4450 777 4514 king
796 4450 852 4501 of
872 4451 1119 4501 Arethusa
1138 4452 1238 4501 and
1796 4458 1851 4502 to
1880 4452 2076 4502 others’
2118 4452 2245 4514 (that
2263 4451 2328 4503 he
2358 4451 2405 4502 is
2436 4452 2590 4503 about
2617 4458 2672 4503 to
2705 4453 2822 4505 take
2851 4470 2950 4518 any

611 4514 810 4580 decidit]
879 4516 970 4566 800
999 4516 1054 4565 11.
1083 4520 1163 4579 21,
1189 4521 1240 4566 4.
1797 4523 1931 4582 steps
1951 4517 2146 4581 against
2164 4517 2283 4582 me).
