3229 5145
1040 467 1186 533 ΕΡ.
1234 464 1442 533 LIII.
1497 467 1602 553 (Q.
1637 468 1779 533 PR.
1811 467 1871 532 I.
1905 466 1996 552 ρ.)
2584 462 2710 529 325

316 786 521 856 LIII.
608 785 726 854 ΤΟ
766 785 930 854 HIS
970 785 1425 855 BROTHER
1465 784 1913 867 QUINTUS,
1952 807 2027 851 m
2061 785 2236 852 Asu
2271 783 2379 871 (Q.
2405 784 2530 850 Fa.
2555 806 2602 851 1.
2628 786 2712 871 2).

774 1011 979 1070 nous,
1024 1013 1088 1056 A.
1122 1012 1190 1057 υ.
1222 1011 1277 1057 c.
1324 1010 1459 1070 6963
1507 1011 1569 1055 Β.
1602 1011 1656 1055 c.
1704 1011 1806 1065 593
1854 1011 2001 1056 Aur.
2034 1010 2152 1055 οπο.
2200 1008 2283 1061 47.

414 1185 493 1245 De
512 1194 733 1245 adventu
765 1193 915 1245 Statii
946 1193 1096 1244 unius
1124 1195 1184 1245 de
1208 1191 1384 1252 Quinti
1404 1193 1612 1256 libertis,
1639 1193 1992 1259 hominumque
2024 1193 2086 1244 de
2115 1208 2175 1244 eo
2204 1193 2508 1245 sermonibus
2529 1192 2717 1245 scribit.

316 1275 510 1327 Deinde
541 1281 593 1326 et
624 1275 921 1327 Graecorum
946 1275 1322 1340 provincialium
1350 1279 1403 1326 et
1430 1274 1793 1340 negotiatorum
1816 1274 2148 1325 Romanorum
2178 1274 2238 1325 de
2260 1273 2447 1332 Quinto
2479 1274 2721 1339 querellas

313 1363 569 1408 memorat.
638 1356 754 1421 Ipse
786 1356 1021 1408 orationis
1054 1356 1371 1407 acerbitatem
1406 1362 1458 1408 et
1494 1357 1772 1407 litterarum
1808 1356 1872 1407 ad
1905 1355 2032 1405 alios
2070 1354 2330 1406 missarum
2358 1355 2721 1422 indiligentiam

312 1438 605 1504 fugiendam
636 1442 818 1489 censet.
885 1437 948 1488 L.
976 1437 1157 1499 Flavii,
1195 1437 1432 1501 praetoris
1464 1438 1567 1488 des.
1573 1474 1588 1499 ‚
1624 1436 1865 1502 querellae
1896 1435 2101 1500 exponit
2132 1442 2184 1488 et
2214 1453 2328 1488 suas
2358 1436 2722 1501 obiurgationes

313 1526 535 1571 excusat.
602 1519 762 1571 Attali
783 1518 1081 1585 Hypaepeni
1102 1524 1153 1569 et
1172 1518 1354 1584 Aesopi
1381 1518 1604 1583 tragoedi
1629 1517 1884 1584 negotium
1912 1520 2236 1569 commendat.
2305 1517 2383 1569 De
2403 1518 2476 1568 rei
2495 1516 2722 1582 publicae

311 1602 599 1654 condicione
620 1606 673 1654 et
692 1603 754 1653 de
776 1617 867 1653 stra
889 1600 1052 1652 Clodii
1073 1600 1305 1653 vincendi
1326 1616 1415 1666 spe
1435 1598 1590 1651 addit.

1049 1798 1347 1855 MARCUS
1381 1796 1665 1858 QUINTO
1701 1796 1995 1852 FRATRI.

444 1935 504 2001 Ι.
598 1939 658 2002 1.
705 1936 952 2003 Statius
994 1940 1077 2003 ad
1118 1960 1222 2004 me
1256 1940 1435 2004 venit
1478 1960 1537 2003 a.
1580 1939 1644 2004 d.
1679 1959 1827 2002 v111.
1861 1935 2142 2003 Kalend.
2175 1935 2524 2004 Novembr.
2555 1935 2721 2003 Eius

312 2041 645 2122 adventus,
678 2042 850 2126 quod
877 2041 971 2107 ita
999 2041 1322 2128 scripsisti,
1353 2041 1678 2127 direptum
1716 2040 1799 2107 iri
1837 2044 1902 2108 te
1931 2063 1972 2106 a
2001 2040 2150 2121 tuis,
2187 2042 2344 2107 dum
2371 2041 2428 2106 is
2455 2040 2716 2121 abesset,

311 2144 614 2210 molestus
657 2144 821 2210 mihi
864 2144 1011 2211 fuit.
1107 2144 1299 2216 Quod
1340 2148 1559 2211 autem
1600 2143 2136 2230 exspectationem
2180 2144 2282 2211 sui
2319 2166 2716 2210 concursum-

312 2270 439 2333 que
481 2271 649 2329 eum,
693 2248 807 2334 qui
849 2253 986 2315 erat
1028 2248 1307 2329 iuturus,
1369 2248 1424 2314 si
1479 2270 1613 2314 una
1654 2252 1867 2314 tecum
1910 2249 2238 2314 decederet
2278 2270 2485 2334 neque
2528 2251 2718 2314 antea

311 2351 485 2417 visus
513 2358 694 2433 esset,
726 2353 1004 2433 sustulit,
1037 2352 1107 2418 id
1167 2352 1330 2418 mihi
1389 2373 1522 2419 non
1571 2351 1970 2417 incommode
2011 2350 2222 2417 visum
2263 2354 2360 2417 est
2401 2352 2715 2418 accidisse.

312 2453 685 2521 Exhaustus
726 2460 822 2522 est
864 2456 1039 2522 enim
1081 2478 1285 2522 sermo
1325 2456 1664 2522 hominum
1707 2458 1773 2521 et
1814 2454 2057 2520 multae
2097 2453 2360 2521 emissae
2408 2454 2540 2520 iam
2583 2455 2719 2522 eius

311 2557 486 2624 modi
534 2582 733 2640 Vocon,
781 2559 930 2627 ἄλλ’
982 2562 1099 2627 αἰεί
1138 2589 1277 2628 τινα
1324 2564 1499 2647 φῶτα
1540 2564 1762 2647 μέγαν,
1811 2581 1973 2644 quae
2015 2562 2082 2624 te
2124 2557 2384 2626 absente
2426 2558 2713 2627 confecta

308 2684 441 2727 esse
482 2661 704 2728 laetor.
818 2665 880 2727 2.
937 2662 1131 2735 Quod
1173 2668 1389 2729 autem
1432 2663 1664 2729 idcireo
1708 2685 1748 2727 a
1788 2666 1854 2728 te
1896 2661 2125 2728 missus
2165 2666 2280 2742 est,
2324 2661 2486 2728 mihi
2527 2667 2605 2729 ut
2646 2686 2712 2729 se

310 2769 634 2852 purgaret,
679 2766 748 2831 id
789 2788 1037 2832 necesse
1080 2767 1344 2832 minime
1388 2766 1535 2833 fuit.
1641 2765 1937 2831 Primum
1987 2765 2161 2831 enim
2208 2788 2564 2853 numquam
2604 2767 2715 2835 ille

308 2868 471 2933 mihi
512 2868 638 2934 fuit
681 2873 1025 2955 suspectus,
1066 2892 1275 2955 neque
1318 2892 1459 2957 ege,
1500 2891 1665 2956 quae
1708 2870 1794 2935 ad
1834 2873 1900 2935 te
1944 2869 2024 2935 de
2065 2868 2178 2935 illo
2220 2869 2457 2955 scripsi,
2498 2870 2716 2957 scripsi

309 2994 451 3037 meo
485 2971 740 3052 iudici0,
771 2973 883 3039 sed
921 2995 1067 3038 cum
1103 2973 1268 3039 ratio
1308 2974 1600 3061 salusque
1640 2972 1928 3039 omnium
1966 2976 2274 3054 noem,
2307 2973 2419 3059 qui
2458 2975 2542 3039 ad
2577 2997 2714 3041 rem

308 3074 631 3160 publicam
659 3077 1035 3155 accedimus,
1068 3100 1201 3143 non
1228 3078 1497 3144 veritate
1526 3077 1752 3156 solum,
1786 3078 1897 3143 sed
1935 3075 2132 3142 etiam
2169 3076 2345 3141 fama
2381 3075 2713 3159 niteretur,

307 3201 626 3245 sermones
666 3180 752 3245 ad
793 3184 860 3245 te
902 3180 1175 3246 aliorum
1217 3203 1484 3267 semper,
1515 3204 1648 3247 non
1677 3203 1822 3246 mea
1857 3179 2094 3246 iudicia
2135 3179 2486 3266 perscripsi.
2579 3181 2713 3253 Qui

307 3282 568 3367 quidem
597 3304 792 3369 quam
823 3283 1188 3369 frequentes
1217 3289 1425 3351 essent
1454 3289 1517 3351 et
1546 3307 1742 3372 quam
1769 3306 1998 3372 graves
2025 3285 2307 3350 adventu
2328 3307 2441 3351 suo
2464 3283 2711 3352 Statius

306 3385 441 3471 ipse
485 3386 803 3470 cognovit.
911 3386 1177 3453 Etenim
1232 3388 1579 3455 intervenit
1628 3410 1761 3455 non
1809 3387 2136 3453 nullorum
2186 3388 2500 3474 querellis,
2546 3412 2709 3475 quae

306 3489 481 3574 apud
508 3510 613 3554 me
641 3490 721 3555 de
749 3489 863 3556 illo
891 3489 1030 3576 ipso
1060 3490 1478 3573 habebantur,
1509 3496 1575 3558 et
1603 3492 1838 3558 sentire
1865 3490 2080 3578 potuit
2107 3514 2425 3557 sermones
2452 3491 2705 3577 iniquo·

302 3613 450 3658 rum
490 3591 563 3657 in
605 3615 795 3658 suum
836 3592 1236 3678 potissimum
1278 3617 1512 3661 nomen
1554 3617 1904 3681 erumpere.
1994 3597 2056 3659 3.
2111 3594 2305 3665 Quod
2345 3597 2562 3659 autem
2602 3617 2706 3661 me

372 3782 416 3828 l.
455 3777 666 3845 Statius]
722 3781 736 3807 ‘
753 3778 851 3829 His
871 3779 1053 3830 arrival
1073 3795 1201 3845 gave
1220 3796 1302 3831 me
1321 3797 1454 3831 some
1618 3783 1749 3833 ἀλλ’
1773 3781 1865 3832 aie
1974 3799 2086 3830 τινα
2105 3784 2245 3843 φῶτα
2264 3777 2424 3843 μέγαν
2444 3782 2526 3831 καὶ
2550 3783 2702 3832 καλὸν

296 3859 528 3904 concern,
554 3844 761 3895 because
794 3860 896 3909 you
927 3845 1033 3895 said
1065 3846 1121 3895 in
1152 3861 1278 3910 your
1310 3846 1456 3896 letter
1553 3846 1786 3910 ἐδέγμην.
1933 3860 2015 3896 ese
2046 3860 2129 3894 are
2160 3844 2245 3893 the
2273 3845 2434 3894 words
2466 3844 2521 3894 of
2552 3845 2700 3911 Poly-

302 3907 415 3957 that
493 3924 560 3958 ou
602 3909 767 3958 would
814 3911 872 3960 be
914 3910 1185 3973 plundered
1225 3911 1296 3974 by
1365 3927 1456 3962 our
1586 3911 1761 3961 bemus
1813 3910 1968 3961 about
2021 3908 2283 3973 odysseus,
2345 3909 2437 3957 Od.
2487 3912 2534 3972 9,
2584 3911 2695 3960 513.

303 3972 457 4023 house
492 3974 574 4023 old
596 3973 775 4038 during
799 3974 879 4024 his
899 3975 1123 4026 absence.
1194 3976 1296 4026 But
1373 3992 1454 4027 ere
1595 3975 1735 4052 eople
1754 3975 1854 4026 had
1874 3975 2027 4025 heard
2055 3989 2110 4024 so
2135 3973 2284 4022 much
2304 3972 2360 4021 of
2383 3973 2571 4024 Statius
2599 3976 2699 4025 and

303 4053 406 4087 was
428 4053 521 4087 one
541 4039 789 4089 fortunate
810 4039 1164 4091 circumstance
1185 4041 1453 4091 connected
1550 4040 1631 4090 his
1646 4040 1891 4091 mfluence
1908 4038 2033 4090 with
2055 4037 2284 4096 Quintus,
2303 4037 2415 4087 that
2429 4037 2551 4103 they
2567 4054 2698 4090 were

302 4101 432 4152 with
460 4100 540 4151 his
572 4104 761 4153 sudden
791 4104 1000 4179 arriyal:
1048 4104 1090 4155 it
1120 4105 1335 4155 baulked
1366 4104 1453 4155 the
1550 4103 1892 4169 disappointed
1923 4110 1976 4155 at
2005 4103 2091 4153 the
2122 4101 2493 4167 insignificance
2530 4104 2589 4154 of
2617 4103 2698 4154 his

302 4231 484 4307 tended
513 4170 805 4284 higmiivdlfe
816 4169 1189 4285 wfflhlovatoutffi
1209 4169 1451 4311 {aroma
1549 4186 1733 4297 ⁰¹qu
1769 4185 1886 4283 .oe.
1922 4232 2156 4298 confecta]
2226 4233 2241 4259 ⁶
2257 4230 2285 4281 I
2320 4246 2401 4281 am
2436 4231 2553 4296 glad
2585 4231 2696 4283 that

302 4295 430 4345 mth
448 4311 565 4361 you,
589 4298 688 4346 and
708 4297 806 4348 had
826 4304 915 4349 not
936 4300 1059 4349 been
1080 4315 1197 4350 seen
1218 4316 1273 4349 m
1294 4299 1452 4350 Bone
1548 4298 1617 4350 all
1637 4298 1738 4349 this
1759 4297 1802 4348 is
1823 4313 1941 4348 over
1961 4296 2130 4348 before
2151 4311 2278 4361 your
2296 4300 2501 4347 return)

301 4359 469 4411 before
489 4376 616 4426 your
636 4368 830 4422 return;
857 4364 944 4414 the
964 4362 1128 4429 gosdp
1143 4379 1210 4415 on
1226 4363 1311 4415 the
1333 4364 1447 4414 sub·
1612 4366 1660 4413 2.
1695 4362 1847 4428 ratio]
1886 4362 2147 4413 ‘interestz
2167 4361 2179 4382 ’
2215 4376 2295 4412 see
2317 4363 2423 4411 Att.
2447 4361 2483 4412 i.
2513 4364 2556 4422 1,
2585 4365 2630 4412 1.

296 4423 404 4488 ject
422 4424 467 4475 is
487 4441 600 4477 now
622 4427 775 4477 over)
1609 4430 1866 4479 intervenit
1963 4430 1978 4455 ⁴
1991 4442 2095 4477 was
2115 4431 2312 4490 present
2331 4427 2421 4476 at!

366 4489 621 4557 decederet]
670 4507 748 4556 cp.
766 4494 999 4557 dedecere,
1019 4492 1191 4557 above,
1209 4492 1305 4559 Bp.
1320 4509 1443 4544 m.
1608 4508 1850 4555 erumpere
1945 4493 1961 4518 ‘
1974 4506 2104 4542 were
2124 4492 2305 4542 vented
2325 4491 2428 4541 on.'

302 4553 434 4618 §30.
1612 4560 1661 4609 3.
1701 4559 2028 4617 Quodam
2063 4556 2157 4621 me]
2222 4555 2329 4606 The
2371 4555 2604 4623 meaning
2640 4558 2698 4609 of
