3229 5145
497 488 629 555 380
1142 490 1285 556 ΕΡ.
1337 489 1632 557 LXXV.
1686 490 1778 574 (A
1788 489 1920 556 Tr.
1953 488 2101 556 III.
2131 488 2269 574 17.)

753 892 1087 961 LXXIV.
1178 892 1296 960 ΤΟ
1339 892 1764 975 ATTIGUS,
1811 914 1889 960 ΙΝ
1933 892 2141 959 Rom-2
2178 892 2372 976 (Arr.
2405 912 2511 957 111.
2549 891 2660 976 ιο).

819 1119 1337 1180 ΤΗΕεεΑιοΝιοΑ,
1369 1120 1433 1165 A.
1466 1119 1536 1165 α.
1568 1119 1626 1164 c.
1659 1119 1797 1179 6963
1845 1118 1910 1162 B.
1942 1118 1998 1163 c.
2032 1117 2133 1177 ⁵83
2179 1088 2331 1162 m.
2364 1117 2487 1162 c1c.
2517 1115 2603 1163 48.

601 1302 677 1353 De
714 1302 902 1353 incerto
936 1301 1115 1353 itinere
1151 1308 1350 1368 propter
1385 1301 1800 1368 exspectationem
1834 1300 2115 1353 litterarum
2147 1304 2200 1352 et
2236 1301 2300 1351 de
2334 1316 2491 1364 parva
2523 1315 2610 1363 spe
2640 1315 2736 1350 cua
2764 1298 2928 1351 Attici

500 1382 686 1435 litteris
715 1383 898 1435 iterum
929 1384 1089 1435 lectis.

1332 1566 1594 1621 CICERO
1633 1565 1897 1621 ATTICO
1936 1564 2090 1620 SAL.

636 1728 877 1795 Totum
896 1729 1021 1796 iter
1041 1728 1203 1795 mihi
1231 1728 1549 1796 incertum
1579 1730 1738 1796 facit
1765 1729 2155 1816 exspectatio
2176 1728 2542 1795 litterarum
2563 1730 2922 1793 vestrarum

506 1831 660 1899 Kal.
703 1832 879 1898 Sext.
911 1833 1229 1899 datarum.
1318 1832 1497 1899 Nam
1539 1833 1596 1898 ei
1636 1855 1779 1920 spes
1817 1833 1960 1913 erit,
1993 1831 2315 1918 Epirum:
2361 1830 2418 1897 si
2455 1830 2695 1910 minue,
2734 1829 2923 1914 Cyzi-

506 1959 674 2016 cum,
733 1938 849 2002 aut
898 1936 1079 2001 aliud
1128 1937 1376 2023 aliquid
1428 1958 1786 2023 sequemur.
1907 1935 2089 2002 Tuae
2147 1935 2410 2021 quidem
2467 1934 2742 2015 litterae,
2796 1958 2924 2020 quo

506 2040 758 2125 saepius
822 2062 863 2104 a
925 2061 1031 2105 me
1090 2039 1418 2126 leguntur,
1485 2040 1607 2107 hoo
1650 2063 1829 2127 spem
1874 2040 2128 2106 faciunt
2168 2038 2334 2104 mihi
2374 2038 2713 2119 minorem,
2761 2061 2926 2125 quae

507 2166 654 2208 eum
717 2192 732 2206 .
800 2192 815 2207 .
881 2191 898 2208 .
958 2144 1161 2209 lectae
1204 2149 1376 2224 eunt,
1419 2148 1565 2210 tum
1607 2144 1699 2226 id,
1761 2144 1937 2230 quod
1981 2143 2347 2209 attulerunt
2389 2142 2475 2207 ad
2519 2164 2700 2227 spem
2745 2142 2924 2207 infir-

507 2250 712 2327 mant,
742 2251 819 2311 ut
847 2246 1036 2312 facile
1065 2251 1371 2333 appareat
1400 2251 1465 2314 te
1495 2252 1559 2314 et
1589 2248 2013 2314 consolationi
2042 2246 2280 2312 servire
2309 2247 2377 2310 et
2393 2244 2674 2326 veritati,
2704 2244 2928 2331 itaque

506 2354 574 2415 te
602 2371 761 2436 rogo
789 2348 1003 2436 plane,
1034 2354 1110 2416 ut
1138 2352 1222 2416 ad
1251 2373 1376 2431 me,
1420 2373 1586 2437 quae
1625 2352 1803 2431 scies,
1835 2355 1911 2417 ut
1940 2352 2152 2430 erunt,
2191 2371 2359 2435 quae
2386 2347 2670 2436 putabiS,
2711 2355 2786 2413 ut
2802 2371 2927 2431 pu-

513 2454 686 2533 tabis,
717 2453 813 2519 ita
841 2453 1095 2519 scribae.
1186 2453 1365 2521 Data
1390 2475 1496 2521 xn
1525 2453 1683 2521 Kal.

791 2858 1081 2927 LXXV.
1174 2859 1292 2926 To
1336 2859 1761 2943 ATTIGUS,
1807 2883 1884 2927 m
1926 2861 2133 2928 Rom}
2184 2861 2376 2948 (An.
2411 2882 2515 2926 111.
2554 2861 2665 2945 17).

821 3085 1339 3145 THESSALONICA,
1386 3087 1450 3131 A.
1484 3088 1550 3132 σ.
1584 3088 1640 3132 c.
1674 3087 1809 3146 6963
1857 3087 1920 3131 Β.
1953 3087 2007 3132 ο.
2040 3085 2140 3147 583
2188 3086 2338 3131 Am.
2373 3086 2495 3131 c1c.
2527 3084 2614 3131 48.

608 3267 686 3318 De
720 3267 871 3318 variis
912 3266 1104 3317 nuntiis
1146 3274 1199 3318 et
1235 3268 1566 3319 sollicitudine
1608 3269 1671 3319 de
1713 3268 1892 3320 itinere
1928 3267 1991 3326 Q.
2033 3268 2219 3328 fratris,
2266 3269 2330 3320 de
2370 3266 2559 3333 exigua
2591 3283 2678 3331 spe
2720 3284 2829 3332 sua,
2872 3268 2937 3317 de

510 3365 707 3401 nummo
739 3364 831 3399 suo
862 3365 982 3413 erga
1011 3349 1236 3399 Atticum
1265 3366 1446 3401 amore.

1335 3549 1600 3604 CICERO
1636 3550 1905 3605 ATTICO
1942 3549 2097 3605 SAL.

646 3710 707 3774 1.
754 3708 859 3776 De
889 3708 1137 3782 Quinto
1172 3709 1372 3777 fratre
1408 3710 1630 3778 nuntii
1670 3711 1858 3778 nobis
1901 3711 2119 3779 tristes
2156 3732 2275 3776 nec
2303 3709 2468 3776 varii
2496 3712 2808 3776 venerant
2850 3730 2938 3774 ex

579 3917 716 3965 aliud
756 3917 947 3979 aliquid
987 3916 1253 3982 sequemur]
1344 3918 1358 3944 ‘
1381 3916 1497 3968 take
1539 3933 1676 3969 some

512 3979 655 4030 other
685 3979 960 4031 direction!

578 4060 823 4107 quaecum
849 4081 862 4094 .
891 4082 904 4093 .
934 4045 996 4111 .]
1077 4044 1229 4096 Klotz
1253 4046 1678 4098 markealacuna

513 4108 650 4171 here,
670 4110 837 4160 which
858 4110 986 4161 Boot
1006 4110 1174 4160 makes
1194 4127 1227 4160 a
1246 4113 1371 4175 good
1393 4118 1605 4176 attempt
1625 4121 1679 4163 to

517 4174 701 4240 supply
731 4175 802 4240 by
837 4175 923 4225 the
946 4176 1123 4237 words,
1157 4192 1275 4238 quae
1307 4193 1411 4226 cum
1441 4176 1681 4241 leguntur

514 4254 651 4302 spem
673 4239 869 4290 faciunt
896 4256 1011 4290 cum
1041 4243 1181 4289 lectae
1203 4247 1315 4290 sunt
1346 4248 1448 4290 tum
1478 4245 1547 4305 id,
1584 4243 1677 4292 Sec.

521 4303 561 4353 Ζ
578 4303 668 4353 hae
690 4307 838 4354 laetae
858 4304 939 4354 for
961 4307 1117 4367 hetae,
1133 4305 1301 4355 which
1321 4305 1420 4356 had
1441 4308 1677 4357 occurred

519 4374 574 4418 to
607 4369 791 4432 myeelf
824 4385 880 4420 ae
911 4386 942 4419 a
967 4385 1091 4434 very
1118 4369 1354 4433 probable
1390 4371 1677 4436 conjecture

519 4432 691 4483 before
712 4433 739 4483 1
762 4434 912 4483 knew
923 4434 967 4484 it
988 4434 1088 4484 had
1108 4451 1184 4485 mn
1205 4435 1480 4500 authority.
1530 4436 1676 4488 Then

518 4497 658 4547 there
675 4498 842 4548 would
857 4499 917 4548 be
932 4514 998 4549 no
1013 4499 1209 4561 lacuna,
1229 4501 1329 4550 and
1341 4501 1428 4552 the
1441 4502 1639 4552 meanin

520 4561 688 4613 would
724 4562 800 4621 be,
844 4566 857 4589 ‘
873 4563 1039 4613 which
1073 4565 1279 4630 (letters)
1315 4582 1400 4616 are
1449 4566 1569 4617 chee

1775 3919 1830 3969 in
1852 3924 1985 3980 tone,
2018 3918 2112 3968 but
2131 3917 2236 3968 aleo
2257 3933 2341 3968 are
2368 3915 2561 3991 carefpl
2577 3920 2671 3991 pot
2691 3920 2750 3990 tq
2773 3913 2941 3965 excite

1776 3990 1860 4034 too
1894 3983 2044 4033 much
2077 3983 2225 4047 hope,
2267 3998 2321 4032 so
2355 3981 2468 4031 that
2497 3988 2543 4030 11:
2573 3979 2788 4056 aylam
2823 3979 2942 4029 that

1777 4064 1881 4114 γοα
1912 4064 1997 4098 are
2028 4049 2237 4098 devoted
2256 4052 2308 4097 at
2328 4046 2416 4097 the
2448 4061 2582 4096 same
2610 4051 2731 4095 tune
2761 4049 2817 4094 to
2846 4043 2940 4094 the

1777 4113 1891 4164 mk
1928 4113 1985 4163 of
2021 4112 2278 4177 consoling
2319 4127 2399 4161 me
2433 4112 2534 4162 and
2565 4110 2651 4160 the
2692 4124 2840 4160 cause
2882 4108 2944 4160 of

1777 4177 1955 4228 truth!
2025 4176 2329 4242 Wesenberg
2382 4175 2523 4241 give·
2567 4177 2716 4225 hetae
2757 4174 2812 4224 in
2855 4173 2941 4224 hin

1778 4249 2139 4371 toztnputabis]
2217 4305 2263 4357 ia
2283 4305 2400 4356 well
2419 4304 2634 4356 inserted
2655 4303 2728 4369 by
2743 4303 2898 4354 Klotz
2920 4323 2934 4355 :

1775 4371 1845 4422 cf.
1870 4373 1969 4422 laet
1987 4372 2150 4434 letter,
2187 4371 2210 4436 §
2236 4375 2285 4435 6,
2325 4377 2339 4399 ‘
2355 4370 2504 4421 when
2523 4385 2627 4435 γοα
2647 4368 2776 4419 have
2797 4385 2942 4419 newa

1774 4438 1831 4487 of
1851 4437 2017 4513 which
2038 4453 2142 4503 you
2161 4452 2245 4487 are
2278 4436 2480 4494 certain.
2517 4435 2634 4500 give
2653 4434 2698 4484 it
2719 4450 2776 4484 aa
2794 4433 2935 4510 itin

1773 4501 2553 4633 33030Qy0⁰⁸125r¹335⁰ffl·
2564 4499 2684 4564 ⁰⁰¹³
2705 4514 2938 4560 ‘mm‘
