3229 5145
511 452 643 517 216
1183 450 1332 514 ΕΡ.
1382 450 1667 516 XXIII.
1721 452 1813 536 (A
1824 452 1958 516 ΤΥ.
2003 451 2068 515 1.
2115 448 2254 534 17.)

513 644 952 711 persuaseram
1002 622 1140 688 fore
1191 626 1268 688 ut
1311 624 1529 689 omnia
1569 623 1983 711 placarentur
2022 622 2195 688 inter
2235 643 2350 688 vos
2390 643 2525 687 non
2566 620 2760 687 modo
2802 642 2934 686 ser-

512 750 704 794 mone
762 750 836 793 ac
895 726 1348 812 disputatione,
1410 728 1525 794 sed
1580 730 1924 814 conspectu
1979 727 2119 813 ipso
2177 747 2648 813 congressuque
2699 727 2933 791 vestro.

513 831 692 898 Nam
721 834 967 917 quanta
1010 830 1096 896 sit
1132 830 1205 895 in
1241 829 1491 902 Quinto
1530 830 1734 899 fratre
1773 852 1917 898 meo
1955 831 2244 910 comitas,
2271 833 2518 916 quanta
2546 829 2936 909 iucunditas,

519 957 718 1021 quam
760 934 976 1000 mollis
1017 934 1274 999 animus
1312 935 1397 1000 ad
1438 934 1878 1022 accipiendam
1916 938 1982 1000 et
2020 935 2104 1000 ad
2142 933 2593 1019 deponendam
2635 932 2936 1000 offensio-

518 1059 691 1119 nem,
737 1037 904 1103 nihil
947 1037 1181 1102 attinet
1226 1059 1332 1103 me
1376 1039 1461 1104 ad
1498 1042 1586 1118 te,
1634 1039 1750 1124 qui
1797 1060 1875 1104 ea
1916 1037 2107 1117 nosti,
2153 1035 2445 1103 scribere.
2534 1034 2664 1103 Sed
2707 1036 2942 1103 accidit

518 1141 1055 1228 perincommode,
1109 1142 1283 1226 quod
1341 1163 1492 1208 eum
1541 1163 1865 1228 nusquam
1913 1140 2155 1208 vidisti.
2243 1139 2476 1207 Valuit
2532 1140 2709 1206 enim
2765 1140 2940 1227 plus,

521 1245 698 1329 quod
743 1247 881 1310 erat
917 1242 1018 1309 illi
1063 1266 1195 1309 non
1242 1244 1572 1311 nullorum
1617 1245 1905 1311 artificiis
1946 1245 2360 1325 inculcatum,
2403 1266 2600 1331 quam
2644 1248 2759 1309 aut
2802 1244 2942 1310 offi-

521 1349 697 1415 cium
733 1351 849 1413 aut
885 1348 1286 1414 necessitudo
1318 1352 1433 1414 aut
1470 1370 1654 1415 amor
1679 1352 1890 1415 vester
1930 1349 2045 1415 ille
2081 1348 2412 1434 pristinus,
2444 1347 2559 1434 qui
2586 1347 2944 1434 plurimum

520 1453 734 1519 valere
792 1449 1036 1517 debuit.
1143 1454 1205 1516 3.
1266 1450 1491 1538 Atque
1548 1452 1743 1519 huius
1797 1451 2192 1519 incommodi
2247 1452 2439 1538 culpa
2494 1450 2610 1518 ubi
2665 1452 2945 1518 resideat

522 1555 779 1621 facilius
819 1576 1080 1640 possum
1125 1555 1494 1622 existimare
1533 1577 1731 1642 quam
1773 1554 2067 1622 scribere.
2156 1554 2403 1622 Vereor
2443 1556 2619 1621 enim
2647 1578 2751 1636 ne,
2783 1556 2946 1621 dum

524 1658 871 1724 defendam
910 1679 1105 1737 meos,
1136 1681 1270 1724 non
1310 1681 1572 1745 parcam
1610 1659 1764 1726 tuis.
1853 1659 2033 1726 Nam
2073 1659 2163 1725 sic
2199 1659 2528 1746 intellege,
2573 1663 2652 1725 ut
2692 1658 2862 1724 nihil
2905 1682 2948 1725 a

523 1761 886 1827 domesticis
913 1761 1198 1827 vulneris
1234 1762 1482 1828 factum
1524 1762 1628 1843 sit,
1673 1763 1842 1829 illud
1885 1763 2168 1849 quidem,
2210 1764 2387 1849 quod
2423 1766 2582 1843 erat,
2623 1784 2731 1828 eos
2774 1766 2947 1827 certe

524 1888 751 1932 sanare
796 1865 1096 1951 potuisse.
1211 1864 1340 1931 Sed
1389 1866 1652 1932 huiusce
1697 1867 1792 1932 rei
1838 1867 2040 1932 totius
2084 1867 2337 1946 vitium,
2387 1867 2560 1951 quod
2610 1865 2947 1951 aliquanto

525 1970 726 2034 etiam
767 1969 963 2034 latius
1005 1971 1187 2055 patet
1230 1992 1426 2056 quam
1459 1971 1737 2050 videtur,
1782 1969 2107 2057 praesenti
2148 1967 2272 2035 tibi
2314 1969 2707 2034 commodius
2751 1991 2946 2055 expo-

525 2094 700 2137 nam.
789 2074 851 2136 4.
898 2071 1002 2138 De
1059 2072 1141 2137 iis
1201 2072 1452 2154 litteris,
1507 2097 1668 2160 quas
1725 2074 1811 2139 ad
1865 2078 1933 2139 te
1993 2072 2446 2139 Thessalonica
2502 2071 2700 2153 misit,
2753 2080 2820 2138 et
2864 2073 2948 2139 de

529 2173 945 2255 sermonibus,
976 2197 1137 2261 quos
1175 2175 1256 2243 ab
1298 2177 1412 2243 illo
1450 2181 1517 2243 et
1551 2176 1801 2244 Romae
1841 2178 2018 2263 apud
2056 2176 2291 2242 amicos
2330 2179 2476 2241 tuos
2513 2179 2580 2242 et
2617 2175 2689 2240 in
2717 2175 2949 2241 itinere

527 2277 781 2345 habitos
821 2283 1032 2365 putas,
1080 2280 1311 2365 ecquid
1354 2284 1613 2347 tantum
1656 2302 1885 2347 causae
1925 2280 2010 2346 sit
2051 2280 2280 2366 ignoro
2318 2280 2431 2345 sed
2470 2279 2680 2345 omnis
2721 2279 2793 2344 in
2831 2282 2950 2345 tua

531 2381 745 2470 posita
773 2386 869 2448 est
896 2382 1303 2449 humanitate
1341 2384 1505 2450 mihi
1545 2407 1689 2471 spes
1727 2384 1921 2450 huius
1949 2384 2265 2450 levandae
2303 2383 2653 2449 molestiae.
2745 2382 2946 2463 Nam,

530 2487 588 2553 si
629 2486 726 2552 ita
767 2486 1087 2567 statueris,
1132 2491 1199 2553 et
1242 2488 1587 2554 irritabiles
1624 2488 1874 2554 animos
1912 2509 2045 2553 esse
2084 2487 2476 2574 optimorum
2511 2508 2700 2572 saepe
2739 2486 2951 2553 homi-

532 2612 695 2657 num
734 2594 800 2655 et
838 2590 1093 2657 eosdem
1139 2592 1505 2678 placabiles,
1546 2597 1611 2659 et
1650 2614 1785 2659 esse
1827 2590 1996 2657 hanc
2038 2590 2419 2676 agilitatem,
2464 2595 2540 2656 ut
2582 2591 2680 2656 ita
2715 2592 2950 2672 dicam,

533 2693 1004 2780 mollitiamque
1049 2700 1318 2762 naturae
1359 2695 1739 2782 plerumque
1780 2694 2088 2762 bonitatis
2134 2699 2218 2775 et,
2264 2694 2335 2760 id
2380 2695 2554 2781 quod
2596 2699 2791 2781 caput
2834 2699 2952 2776 est,

530 2797 717 2864 nobis
753 2796 925 2863 inter
960 2820 1079 2863 nos
1116 2802 1335 2865 nostra
1373 2800 1505 2866 sive
1531 2799 1939 2865 incommoda
1977 2797 2111 2864 sive
2141 2799 2303 2864 vitia
2341 2798 2474 2864 sive
2513 2797 2784 2864 iniurias
2816 2819 2954 2864 esse

530 2901 918 2981 tolerandas,
978 2901 1168 2967 facile
1225 2901 1400 2982 haec,
1460 2924 1655 2988 quem
1714 2903 1798 2968 ad
1856 2902 2123 2967 modum
2188 2923 2391 2987 spero,
2450 2900 2951 2989 mitigabuntur.

538 3004 732 3076 Quod
754 3028 875 3092 ego
896 3008 973 3070 ut
995 3005 1195 3070 facias
1215 3010 1280 3070 te
1303 3027 1430 3071 oro.
1507 3004 1689 3071 Nam
1710 3005 1795 3071 ad
1816 3026 1941 3084 me,
1966 3005 2081 3090 qui
2111 3008 2176 3070 te
2204 3004 2393 3070 unice
2423 3004 2648 3091 diligo,
2672 3005 2956 3071 maxime

533 3109 817 3194 pertinet
860 3108 1187 3174 neminem
1223 3130 1356 3174 esse
1397 3131 1709 3189 meorum,
1756 3108 1870 3195 qui
1911 3111 2027 3174 aut
2070 3112 2135 3173 te
2180 3128 2314 3172 non
2355 3112 2527 3173 amet
2571 3112 2685 3173 aut
2729 3106 2844 3174 abs
2885 3113 2958 3174 te

533 3233 669 3277 non
714 3216 984 3277 ametur.
1076 3212 1137 3277 5.
1185 3211 1317 3277 Illa
1357 3235 1509 3299 pars
1555 3211 1863 3298 epistolae
1905 3215 2059 3277 tuae
2101 3209 2371 3276 minime
2407 3210 2537 3276 fuit
2578 3211 2955 3293 necessaria,

533 3314 606 3379 in
653 3336 783 3400 qua
819 3314 1088 3400 exponis
1126 3337 1285 3401 quas
1327 3315 1669 3382 facultates
1712 3319 1828 3382 aut
1869 3314 2364 3402 provincialium
2403 3319 2518 3380 aut
2559 3313 2955 3382 urbanorum

602 3503 650 3550 2.
686 3499 868 3574 mollis]
935 3502 949 3528 ‘
963 3499 1297 3564 suseeptible,'
1337 3504 1350 3528 ‘
1369 3500 1685 3566 impression-
1788 3519 1905 3568 ney,
1933 3501 1962 3551 1
1992 3505 2175 3552 cannot
2207 3516 2288 3551 see
2311 3499 2448 3551 what
2469 3500 2573 3551 real
2593 3502 2786 3565 ground
2813 3502 2957 3554 there

531 3565 681 3628 able,’
712 3569 726 3593 ‘
741 3563 1011 3615 sensitive!
1789 3567 1833 3618 is
1862 3573 1916 3617 ιο
1943 3566 2131 3631 justify
2153 3565 2278 3616 such
2314 3565 2563 3630 language
2595 3582 2661 3616 on
2695 3567 2773 3616 his
2804 3573 2948 3631 ραι-ις

598 3634 666 3680 εἰσ
688 3632 903 3706 ἰηεεζῖερο
926 3629 1005 3695 ut]
1076 3635 1090 3658 ⁴
1105 3646 1155 3679 m
1213 3629 1346 3681 view
1366 3630 1411 3681 is
1433 3630 1555 3710 that.
1566 3632 1690 3698 they
1789 3633 1885 3683 but
1928 3648 2016 3697 my
2055 3631 2216 3680 whole
2253 3630 2393 3707 hope·
2425 3630 2481 3679 of
2523 3630 2809 3707 mitigating
2850 3631 2956 3716 this

536 3711 834 3810 ΐέωἳῗῒὲ
849 3694 979 3809 υἳῖἰι
997 3694 1220 3810 fficio&
1240 3697 1692 3825 {J‘tfflff‘foffi
1790 3694 2334 3836 fflsszffissfflffi?
2352 3711 2432 3808 11²?
2440 3697 2957 3824 &¹3¹qussss

536 3840 651 3874 own
681 3823 970 3874 household.
1040 3827 1121 3875 Sic
1144 3862 1156 3874 .
1187 3863 1199 3875 .
1230 3862 1242 3874 .
1269 3832 1325 3874 ut
1356 3826 1527 3877 follow
1620 3826 1691 3892 by
1794 3826 1881 3876 the
1917 3827 2076 3876 words
2118 3827 2287 3887 ecqmd
2326 3831 2518 3873 tantum
2549 3841 2717 3874 causae
2749 3829 2899 3875 sit—⁴
2924 3825 2956 3876 Ι

536 3890 671 3966 subi.
698 3905 792 3939 can
812 3889 931 3955 only
952 3889 1081 3940 have
1110 3889 1211 3940 this
1237 3893 1502 3940 restrictiva
1521 3907 1688 3942 mean-

535 3970 655 4018 ing;
693 3956 767 4004 ita
791 3991 804 4004 .
835 3991 848 4002 .
876 3991 889 4004 .
914 3961 969 4003 ut
1003 3954 1048 4003 is
1080 3954 1162 4005 far
1192 3971 1471 4006 commonet
1502 3956 1560 4006 in
1586 3955 1691 4007 this

536 4034 950 4134 sergo-emmas
1052 4083 1138 4134 the
1180 4084 1342 4147 plural
1384 4083 1429 4135 is
1471 4087 1594 4136 used
1636 4091 1691 4136 ιο

534 4149 697 4199 sosten
734 4150 882 4198 down
985 4164 1013 4198 e
1056 4149 1252 4199 remark
1293 4149 1362 4215 by
1400 4150 1691 4227 making-it

534 4228 948 4353 saisias...
976 4212 1691 4342 {asttffimffffs

536 4342 826 4406 Pomponia.

601 4411 648 4456 4.
684 4406 872 4472 ecquid]
965 4407 1073 4457 ‘As
1114 4411 1168 4458 ιο
1208 4407 1289 4458 his
1331 4408 1501 4459 letters
1555 4408 1689 4459 from

535 4470 903 4532 Thessalonica,
936 4473 1034 4521 and
1062 4472 1142 4521 his
1173 4473 1390 4523 remarks
1418 4478 1473 4523 ιο
1501 4474 1693 4525 certain

531 4535 721 4586 friends
743 4535 799 4585 of
819 4552 970 4601 yours
992 4545 1046 4587 at
1058 4536 1216 4588 Rome
1244 4539 1344 4588 and
1365 4554 1428 4589 on
1451 4538 1531 4589 his
1551 4538 1689 4604 jour-

1791 3892 1856 3940 do
1887 3895 1977 3940 not
2009 3906 2092 3941 see
2115 3889 2251 3940 what
2271 3889 2412 3939 there
2442 3889 2486 3939 is
2515 3889 2568 3939 in
2599 3889 2680 3939 his
2701 3890 2872 3941 letters
2899 3895 2957 3942 ιο

1798 3954 2138 4069 'usti-{Kmsuoh
2174 3970 2466 4019 annoyanoe
2504 3970 2570 4004 on
2608 3971 2738 4019 your
2808 3961 2916 4016 art;
2936 3956 2951 3976 ’

1790 3972 1886 4070 but
1985 4019 1996 4030 “
2066 4019 2111 4069 is
2154 4019 2293 4085 quite
2335 4019 2661 4069 inconsistent
2697 4020 2764 4071 wi
2863 4020 2955 4071 the

1791 4090 1914 4136 next
1943 4089 2191 4144 sentence,
2220 4099 2317 4133 sm>
2345 4086 2499 4132 omnis
2534 4121 2548 4133 .
2587 4121 2600 4133 .
2641 4122 2654 4134 .
2693 4086 2950 4147 nwzostiao,

1789 4151 1890 4200 and
1915 4149 2085 4200 Cicero
2102 4149 2193 4200 has
2214 4149 2417 4214 already
2427 4150 2616 4216 ‘owned
2644 4149 2701 4199 in
2731 4149 2817 4200 the
2842 4150 2955 4201 first

1791 4216 1953 4265 words
1997 4215 2052 4264 of
2095 4214 2195 4265 this
2239 4213 2386 4264 letter
2435 4213 2548 4264 that
2593 4213 2810 4270 Quintus
2853 4215 2955 4266 had

1794 4280 1970 4329 shown
2013 4296 2046 4330 a
2081 4295 2206 4345 very
2250 4278 2545 4343 unfriendly
2588 4279 2734 4344 spirit
2775 4279 2833 4329 in
2875 4279 2957 4331 his

1794 4345 2206 4407 con-espondence
2239 4344 2367 4395 with
2399 4343 2615 4394 Atticus.

1857 4425 1953 4458 cue
1974 4410 2097 4458 hano
2117 4410 2411 4475 militatem]
2470 4415 2483 4439 ‘
2497 4408 2608 4460 that
2622 4408 2725 4459 this
2741 4408 2954 4460 nimble-

1791 4489 1905 4524 nese
1941 4474 2041 4523 and
2085 4472 2433 4524 sensitiveness
2471 4473 2527 4525 of
2569 4473 2647 4524 dis
2740 4474 2864 4524 'tion
2907 4474 2955 4525 is

1791 4538 2047 4604 generally
2077 4538 2165 4588 the
2197 4537 2313 4602 sign
2343 4539 2398 4589 of
2428 4554 2461 4588 a
2490 4541 2618 4603 good
2685 4539 2832 4591 θαι-ι)
