3229 5145
1008 479 1154 546 ΕΡ.
1211 480 1372 548 xr.
1434 477 1680 563 (ΡΑΜ.
1732 480 1804 546 V.
1859 480 1950 565 ε.)
2566 481 2691 547 183

277 675 415 726 sam
458 654 676 722 fuisse.
763 655 827 721 4.
873 652 1022 721 Iam
1049 654 1216 721 illud
1244 656 1504 721 senatus
1546 652 1931 734 consultum,
1971 653 2146 739 quod
2188 673 2264 719 eo
2302 652 2409 720 die
2446 653 2690 721 factum

278 766 394 841 est,
424 783 504 826 ea
529 758 1025 845 praescriptione
1053 762 1170 839 est,
1200 761 1294 838 ut,
1339 758 1498 823 dum
1526 757 1599 824 id
1626 755 1925 838 exstabit,
1974 756 2252 823 officium
2278 778 2496 824 meum
2523 757 2596 823 in
2623 761 2691 825 te

277 862 616 930 obscurum
663 884 798 929 esse
837 884 970 928 non
1002 862 1222 949 possit.
1311 859 1547 926 Postea
1584 881 1736 926 vero
1774 881 1972 945 quam
2008 860 2331 946 profectus
2368 883 2456 941 es,
2496 860 2692 927 velim

279 966 606 1033 recordere
646 987 812 1050 quae
863 987 983 1052 ego
1031 966 1111 1031 de
1158 969 1228 1031 te
1269 962 1342 1030 in
1382 966 1611 1030 senatu
1654 963 1918 1049 egerim,
1967 985 2133 1048 quae
2175 963 2247 1029 in
2287 964 2693 1031 contionibus

283 1069 576 1149 dixerim,
608 1091 768 1155 quas
797 1070 881 1134 ad
908 1073 974 1134 te
1001 1069 1249 1134 litteras
1277 1067 1581 1134 miserim.
1675 1066 1859 1139 Quae
1893 1088 2040 1132 cum
2078 1067 2298 1133 omnia
2339 1067 2690 1156 collegeris,

281 1178 424 1238 tum
451 1173 590 1257 ipse
635 1171 832 1238 velim
881 1172 1123 1238 iudices
1171 1171 1409 1238 satisne
1459 1169 1759 1236 videatur
1803 1169 1905 1235 his
1954 1169 2252 1236 omnibus
2301 1170 2492 1238 rebus
2534 1177 2689 1239 tuus

283 1278 616 1356 adventus,
693 1298 842 1341 cum
916 1277 1209 1362 proxime
1284 1274 1563 1341 Romam
1641 1273 1896 1353 venisti,
1976 1278 2202 1340 mutue
2273 1275 2688 1360 respondisse.

284 1382 344 1446 5.
408 1379 604 1451 Quod
642 1379 861 1446 scribis
904 1380 986 1445 de
1030 1379 1435 1444 reconciliata
1480 1377 1694 1464 gratia
1745 1381 1983 1457 nostra,
2036 1399 2168 1443 non
2218 1377 2527 1465 intellego
2577 1401 2691 1445 cur

283 1484 759 1550 reconciliatam
797 1505 930 1549 esse
972 1483 1166 1560 dicas,
1197 1503 1360 1567 quae
1402 1502 1759 1566 numquam
1797 1479 2143 1545 imminuta
2180 1484 2294 1546 est.
2387 1482 2449 1546 6.
2498 1481 2693 1553 Quod

283 1586 504 1653 scribis
549 1609 681 1652 non
729 1586 1079 1673 oportuisse
1130 1584 1474 1650 Metellum
1518 1584 1787 1649 fratrem
1831 1589 2018 1650 tuum
2069 1588 2087 1619 ‘
2107 1581 2190 1650 ob
2229 1584 2475 1651 dictum
2513 1606 2554 1650 a
2586 1608 2693 1652 me

283 1688 693 1778 oppugnari,’
744 1690 1029 1775 primum
1086 1688 1206 1754 hoc
1265 1687 1462 1753 velim
1520 1686 1865 1767 existimes,
1926 1685 2217 1753 animum
2272 1686 2437 1753 mihi
2492 1687 2690 1755 istum

285 1799 476 1859 tuum
520 1792 931 1859 vehementer
977 1791 1238 1878 probari
1294 1796 1361 1856 et
1418 1790 1775 1855 fraternam
1832 1789 2092 1875 plenam
2149 1788 2573 1858 humanitatis
2616 1814 2692 1858 ac

282 1897 544 1982 pietatis
572 1896 1006 1962 voluntatem:
1041 1895 1293 1970 deinde,
1325 1894 1381 1959 si
1409 1916 1538 1980 qua
1567 1915 1688 1980 ego
1715 1893 1789 1958 in
1815 1915 1885 1958 re
1915 1892 2103 1959 fratri
2130 1897 2245 1959 tuo
2273 1894 2690 1981 reipublicae

284 2022 475 2066 causa
517 1998 881 2078 restiterim,
931 2002 1009 2063 ut
1058 1997 1221 2063 mihi
1270 1998 1564 2082 ignoscas
1597 2020 1612 2062 :
1686 2000 1825 2062 tam
1870 1997 2046 2062 enim
2095 2019 2240 2063 sum
2297 1999 2539 2065 amicus
2594 2000 2690 2066 rei

283 2103 578 2190 publicae
619 2124 814 2188 quam
852 2101 965 2187 qui
1007 2102 1305 2166 maxime.
1395 2099 1469 2166 Si
1504 2122 1655 2166 vero
1693 2121 1904 2164 meam
1943 2099 2217 2165 salutem
2255 2106 2477 2168 contra
2512 2102 2692 2169 illius

283 2206 602 2292 impetum
635 2206 707 2270 in
750 2227 853 2271 me
892 2204 1396 2270 crudelissimum
1443 2203 1863 2282 defenderim,
1905 2203 2060 2269 satis
2101 2202 2337 2270 habeas
2377 2204 2546 2271 nihil
2583 2228 2689 2273 me

285 2311 483 2376 etiam
529 2314 742 2375 tecum
793 2308 874 2373 de
930 2308 1032 2372 tui
1081 2307 1301 2373 fratris
1358 2306 1600 2372 iniuria
1650 2306 1971 2391 conqueri.
2092 2306 2304 2379 Quem
2362 2331 2482 2396 ego
2539 2332 2688 2377 cum

285 2413 730 2498 comperissem
772 2432 1028 2477 omnem
1078 2411 1180 2476 sui
1220 2409 1589 2476 tribunatus
1632 2413 1933 2475 conatum
1969 2409 2042 2474 in
2086 2432 2297 2476 meam
2342 2412 2690 2497 perniciem

283 2538 510 2604 parare
551 2520 747 2602 atque
789 2514 1108 2596 meditari,
1148 2513 1254 2601 egi
1291 2536 1438 2580 oum
1479 2513 1754 2580 Claudia
1788 2535 1987 2580 uxore
2025 2518 2142 2579 tua
2184 2517 2251 2580 et
2293 2537 2438 2581 cum
2476 2522 2687 2585 vestra

283 2642 496 2687 sorore
541 2619 780 2697 Mucia,
829 2618 1010 2684 cuius
1056 2640 1210 2704 erga
1266 2640 1372 2684 me
1430 2618 1719 2684 studium
1776 2639 1892 2703 pro
1952 2616 2072 2684 On.
2121 2617 2416 2705 Pompeii
2471 2643 2684 2688 neces-

283 2723 567 2789 situdine
613 2722 837 2788 multis
867 2721 962 2787 'in
1022 2721 1212 2787 rebus
1268 2743 1735 2808 perspexeram,
1795 2725 1872 2786 ut
1929 2743 2078 2786 eum
2136 2721 2219 2788 ab
2277 2722 2394 2789 illa
2447 2723 2689 2791 iniuria

284 2828 695 2893 deterrerent.
787 2826 849 2890 7.
896 2825 1117 2912 Atque
1144 2825 1275 2906 ille,
1308 2826 1480 2910 quod
1518 2831 1583 2890 te
1622 2825 1874 2890 audisse
1912 2828 2082 2890 certo
2116 2824 2262 2905 scio,
2294 2827 2501 2912 pridie
2529 2826 2684 2894 Kal.

283 2929 646 3009 Ianuarias,
692 2951 821 3014 qua
859 2927 1100 2993 iniuria
1137 2951 1326 2994 nemo
1370 2950 1681 3014 umquam
1724 2928 1798 2993 in
1834 2927 2104 2994 minimo
2145 2930 2533 3016 magistratu
2567 2932 2687 2997 im-

284 3032 701 3119 probissimus
756 3031 912 3096 civis
970 3031 1260 3096 adfectus
1333 3037 1447 3112 est,
1508 3053 1586 3098 ea
1657 3053 1761 3097 me
1832 3031 2155 3098 consulem
2226 3033 2483 3115 adfecit,
2541 3058 2690 3103 cum

283 3158 421 3202 rem
455 3134 780 3220 publicam
820 3156 1305 3214 conservassem,
1337 3140 1528 3221 atque
1569 3133 1915 3200 abeuntem
1952 3136 2337 3222 magistratu
2375 3138 2688 3207 contionis

283 3238 617 3306 habendae
674 3241 988 3324 potestate
1044 3237 1370 3323 privavit:
1445 3238 1628 3304 cuius
1678 3237 1918 3304 iniuria
1964 3239 2128 3304 mihi
2183 3243 2402 3306 tamen
2459 3241 2689 3309 honori

283 3364 535 3408 summo
582 3341 729 3407 fuit.
817 3339 996 3406 Nam
1045 3362 1192 3406 cum
1242 3340 1356 3405 ille
1399 3340 1563 3406 mihi
1604 3340 1774 3407 nihil
1815 3342 1941 3407 nisi
1981 3348 2058 3408 ut
2099 3342 2379 3409 iurarem
2420 3347 2686 3431 permit-

284 3450 469 3525 teret,
507 3465 750 3529 magna
781 3465 932 3509 voce
970 3443 1180 3507 iuravi
1207 3443 1610 3509 verissimum
1653 3444 2281 3531 pulcherrimumque
2323 3447 2425 3513 ius
2467 3448 2686 3515 iuran-

283 3550 464 3628 dum,
517 3547 690 3634 quod
734 3547 1011 3634 populus
1059 3546 1236 3612 idem
1279 3569 1521 3634 magna
1569 3570 1722 3613 voce
1771 3570 1877 3613 me
1926 3569 2072 3614 vere
2129 3549 2369 3616 iurasse
2424 3551 2683 3618 iuravit.

351 3731 399 3778 4.
425 3726 803 3788 praescriptione
923 3724 1239 3789 ‘preamble.'
1600 3728 1649 3774 6.
1685 3726 2005 3775 humanitatis
2046 3743 2101 3776 ac
2133 3728 2360 3793 pietatis]
2458 3731 2688 3782 ‘natural

358 3794 488 3849 Quae
520 3789 651 3856 cum]
721 3794 735 3817 ‘
855 3805 919 3840 en
953 3806 1054 3855 you
1083 3790 1209 3840 have
1244 3795 1335 3854 put
1368 3789 1436 3839 all
1537 3790 1806 3841 affection)

290 3856 429 3907 these
460 3862 566 3905 acts
598 3857 654 3904 of
681 3854 814 3904 mine
836 3854 1077 3919 together,
1117 3854 1143 3904 Ι
1168 3854 1275 3905 will
1299 3855 1438 3905 leave
1599 3857 1734 3904 nihil
1764 3855 1935 3921 etiam]
2006 3860 2124 3906 ‘not
2151 3857 2276 3921 yet.’
2345 3856 2436 3922 Cp.
2461 3875 2554 3909 non
2584 3862 2686 3910 dieo

290 3937 389 3987 you
410 3929 464 3971 to
483 3920 638 3984 judge
661 3920 881 3983 yourself
895 3919 1118 3969 whether
1133 3935 1259 3984 your
1270 3927 1440 3970 recent
1540 3957 1554 3970 .
1592 3956 1609 3969 .
1649 3957 1663 3970 .
1695 3921 1841 3969 etiam
1864 3923 1989 3983 quod
2006 3924 2170 3979 sentio,
2196 3922 2342 3972 Tusc-
2367 3922 2404 3972 i.
2434 3926 2510 3973 12.

287 3985 534 4051 approach
570 3992 624 4034 to
657 3983 744 4034 the
774 3984 878 4050 city
899 4001 1001 4033 was
1033 4000 1098 4033 an
1130 3984 1355 4048 example
1387 3985 1445 4034 of
1610 3984 1834 4051 claudia]
1912 3985 1997 4035 the
2037 3985 2179 4035 sister
2216 3986 2271 4036 of
2307 3987 2522 4038 Clodius.
2585 3989 2685 4039 She

292 4056 329 4079 “
353 4049 696 4111 reciproeity.”
718 4048 732 4072 ’
793 4048 1039 4113 Probably
1053 4049 1286 4099 Metellus
1307 4051 1439 4099 drew
1539 4048 1583 4098 is
1611 4049 1863 4100 identified
1888 4049 2012 4099 with
2044 4050 2129 4101 the
2160 4056 2173 4078 ‘
2192 4050 2397 4101 Lesbia'
2424 4053 2479 4101 of
2508 4052 2681 4103 Catul-

289 4131 409 4165 near
441 4122 495 4165 to
523 4113 679 4165 Rome
710 4113 764 4162 in
797 4113 884 4163 the
910 4113 1090 4162 winter
1118 4114 1173 4164 of
1202 4115 1250 4164 b.
1281 4130 1327 4164 c.
1360 4118 1440 4175 63,
1538 4114 1636 4163 lus.
1707 4114 1807 4164 She
1850 4131 1953 4164 was
1994 4115 2284 4165 afterwards
2331 4119 2587 4179 suspected
2629 4118 2686 4168 of

291 4185 353 4229 62
389 4180 452 4243 (a.
478 4195 531 4228 u.
557 4195 602 4228 o.
627 4181 738 4236 691,
764 4180 896 4242 692),
931 4195 986 4228 as
1006 4194 1038 4228 a
1058 4178 1440 4228 demonstration
1539 4179 1763 4243 poisonin
1830 4178 1920 4229 her
1951 4180 2193 4239 husband,
2230 4179 2477 4231 Metellus.

294 4245 346 4293 in
384 4250 590 4308 support
627 4243 683 4293 of
723 4242 802 4292 his
840 4243 1058 4302 brother,
1104 4244 1165 4299 Q.
1209 4243 1441 4293 Metellus
1604 4260 1760 4292 sorore
1842 4243 2009 4293 Mucia
2026 4260 2126 4294 was
2150 4244 2341 4295 uterino
2363 4246 2505 4297 sister
2525 4247 2582 4296 of
2596 4246 2684 4298 the

291 4309 474 4373 Nepos,
500 4307 897 4358 asMr.Watson
918 4314 1162 4372 suggests.
1199 4307 1321 4357 This
1340 4324 1441 4357 was
1539 4312 1642 4357 two
1676 4307 1883 4358 Metelli.
1952 4308 2050 4358 She
2087 4325 2186 4357 was
2221 4308 2305 4358 the
2342 4309 2460 4361 wife
2494 4311 2549 4361 of
2586 4312 2679 4361 Cn.

292 4374 442 4425 when
475 4372 710 4423 Metellus
753 4372 921 4435 Nepos
965 4374 1234 4435 prevented
1270 4372 1442 4423 Cicero
1543 4371 1822 4436 Pompeius,
1859 4375 1955 4423 and
1988 4390 2089 4423 was
2124 4374 2413 4424 afterwards
2454 4376 2687 4427 divorced

293 4440 416 4488 from
433 4436 926 4502 addressingthepeo
958 4437 1006 4487 le
1029 4437 1280 4502 onlaying
1296 4440 1441 4487 down
1540 4437 1610 4501 by
1631 4437 1753 4486 him.
1824 4436 1914 4500 Cp.
1942 4442 2045 4487 Att.
2068 4438 2103 4486 i.
2135 4442 2211 4499 12,
2238 4442 2283 4488 2.

291 4502 371 4552 his
391 4503 545 4563 office,
573 4518 638 4552 on
659 4501 746 4552 the
768 4518 925 4565 groun
979 4501 1092 4551 that
1112 4502 1176 4553 he
1196 4502 1295 4553 had
1315 4502 1441 4554 slain
1597 4501 1723 4568 pro]
1792 4508 1805 4529 ‘
1820 4502 1873 4551 in
1897 4502 2059 4553 virtue
2079 4503 2170 4551 of!

295 4568 486 4618 Roman
509 4564 718 4618 citizens
737 4565 948 4617 without
970 4565 1101 4616 trial.
1611 4567 1658 4618 7.
1696 4569 1821 4631 quod
1832 4570 2037 4629 populus
2062 4570 2204 4633 idem]
2264 4567 2342 4619 cf.
2363 4571 2421 4622 de
2444 4571 2564 4637 Rep.
2581 4570 2615 4621 i.
2639 4572 2685 4633 ⁷,
