3229 5145
524 487 648 551 184
1260 491 1405 557 ΕΡ.
1453 491 1612 560 XV.
1667 494 1910 580 (FAM.
1960 495 2033 563 V.
2081 494 2173 578 2.)

521 664 585 728 8.
633 662 784 729 Hac
827 671 1085 753 accepta
1121 669 1255 731 tam
1302 666 1550 752 insigni
1594 667 1853 749 iniuria,
1902 672 2121 734 tamen
2163 668 2279 734 illo
2320 666 2460 754 ipso
2503 666 2612 733 die
2648 664 2798 733 misi
2841 662 2931 732 ad

521 765 866 833 Metellum
904 791 1272 835 communes
1312 771 1546 836 amicos
1574 771 1689 856 qui
1720 775 1986 858 agerent
2023 794 2171 838 cum
2214 793 2289 838 eo
2329 776 2405 836 ut
2443 771 2524 836 de
2561 770 2679 836 illa
2708 774 2931 836 mente

522 870 888 937 desisteret:
943 872 1177 958 quibus
1218 873 1331 939 ille
1371 875 1702 959 respondit
1744 874 1867 940 sibi
1908 897 2040 942 non
2084 897 2219 940 esse
2260 875 2630 961 integrum:
2684 873 2927 939 etenim

519 972 740 1058 paullo
771 978 922 1041 ante
948 976 1016 1041 in
1047 976 1345 1043 contione
1371 977 1625 1043 dixerat
1663 977 1743 1058 ei,
1774 978 1889 1064 qui
1924 979 1996 1044 in
2036 978 2196 1044 alios
2227 977 2518 1043 animum
2549 976 2928 1042 advertisset

519 1076 766 1143 indicta
803 1100 1013 1160 causa,
1045 1080 1298 1145 dicendi
1336 1080 1461 1167 ipsi
1502 1085 1885 1166 potestatem
1927 1082 2066 1147 fieri
2108 1104 2241 1148 non
2285 1085 2596 1166 oportere.
2684 1079 2925 1145 Homi-

519 1201 671 1247 nem
700 1203 963 1268 gravem
990 1186 1057 1248 et
1084 1183 1286 1249 civem
1318 1185 1692 1271 egregium!
1742 1186 1874 1271 qui,
1905 1208 2036 1271 qua
2072 1207 2281 1272 poena
2319 1189 2577 1250 senatus
2616 1205 2929 1249 consensu

519 1281 832 1350 bonorum
856 1286 1145 1352 omnium
1169 1309 1274 1353 eos
1297 1289 1639 1368 adfecerat,
1664 1289 1776 1374 qui
1796 1288 2023 1355 urbem
2050 1289 2388 1354 incendere
2416 1291 2482 1353 et
2509 1286 2932 1373 magistratus

520 1409 594 1453 ac
623 1393 916 1456 senatum
950 1391 1289 1470 trucidare,
1319 1390 1566 1458 bellum
1602 1393 1960 1458 maximum
2001 1392 2274 1458 conflare
2301 1390 2671 1470 voluissent,
2702 1391 2929 1455 eadem

519 1490 794 1578 dignum
825 1493 1138 1561 iudicaret
1167 1517 1337 1574 eum,
1367 1496 1482 1581 qui
1519 1497 1763 1560 curiam
1796 1496 2004 1576 caede,
2037 1493 2264 1560 urbem
2291 1494 2626 1570 incendiis,
2657 1491 2930 1558 Italiam

517 1593 688 1661 bello
730 1595 1079 1664 liberasset.
1171 1596 1404 1685 Itaque
1454 1621 1577 1686 ego
1623 1598 1892 1665 Metello
1943 1598 2132 1663 fratri
2172 1603 2288 1663 tuo
2332 1596 2654 1684 praesenti
2694 1595 2927 1661 restiti.

518 1696 698 1764 Nam
739 1699 812 1765 in
854 1705 1083 1766 senatu
1120 1700 1276 1767 Kal.
1321 1700 1466 1767 Ian.
1500 1703 1588 1767 sic
1628 1724 1774 1768 cum
1814 1724 1889 1767 eo
1929 1702 2010 1767 de
2052 1725 2122 1767 re
2158 1701 2419 1787 publica
2461 1700 2808 1786 disputavi,
2852 1703 2933 1764 ut

523 1802 791 1869 sentiret
835 1803 958 1869 sibi
1000 1827 1147 1871 cum
1175 1803 1314 1870 viro
1357 1804 1514 1870 forti
1556 1809 1623 1871 et
1666 1805 1985 1871 constanti
2026 1827 2160 1870 esse
2203 1804 2651 1891 pugnandum.
2741 1802 2828 1867 A.
2860 1801 2927 1867 d.

523 1906 793 1972 tertium
836 1905 1010 1972 Non.
1059 1906 1324 1974 Ianuar.
1371 1930 1518 1974 oum
1577 1931 1767 1995 agere
1824 1907 2147 1994 coepisset,
2190 1908 2384 1973 tertio
2439 1927 2693 1992 quoque
2737 1904 2933 1970 verbo

525 2009 836 2075 orationis
865 2033 1016 2077 suae
1043 2034 1147 2077 me
1178 2011 1562 2098 appellabat,
1591 2012 1756 2077 mihi
1787 2011 2176 2091 minabatur,
2207 2032 2415 2095 neque
2443 2010 2543 2075 illi
2574 2009 2931 2095 quidquam

518 2112 931 2178 deliberatius
968 2115 1097 2180 fuit
1136 2138 1331 2201 quam
1371 2137 1494 2196 me,
1519 2136 1921 2201 quacumque
1958 2115 2208 2180 ratione
2249 2118 2481 2199 posset,
2510 2135 2645 2178 non
2683 2112 2928 2177 iudicio

519 2237 728 2301 neque
755 2217 1230 2303 disceptatione,
1262 2220 1373 2284 sed
1401 2220 1468 2285 vi
1497 2224 1691 2304 atque
1717 2218 2132 2306 impressione
2161 2221 2461 2283 evertere.
2553 2216 2778 2282 Huius
2806 2238 2934 2302 ego

522 2320 875 2385 temeritati
913 2320 969 2385 si
995 2322 1234 2387 virtute
1263 2326 1457 2408 atque
1486 2324 1704 2388 animo
1730 2345 1862 2388 non
1890 2324 2280 2401 restitissem,
2313 2320 2457 2407 quis
2485 2323 2651 2385 esset
2684 2320 2799 2406 qui
2827 2341 2935 2385 me

522 2422 595 2487 in
650 2422 984 2489 consulatu
1032 2447 1166 2490 non
1216 2448 1366 2491 casu
1414 2427 1630 2511 potius
1675 2426 2070 2491 existimaret
2120 2446 2315 2509 quam
2372 2422 2637 2489 consilio
2694 2422 2934 2488 fortem

523 2525 719 2593 fuisse
737 2527 771 2592 P
858 2527 919 2593 9.
966 2526 1153 2594 Haec
1203 2529 1257 2595 si
1306 2534 1382 2596 tu
1429 2529 1771 2597 Metellum
1814 2529 2094 2616 cogitare
2141 2528 2221 2594 de
2263 2548 2369 2593 me
2413 2526 2693 2607 nescisti,
2739 2525 2935 2593 debes

527 2630 894 2697 existimare
934 2635 999 2697 te
1037 2633 1337 2698 maximis
1375 2634 1456 2699 de
1493 2633 1684 2700 rebus
1722 2657 1763 2699 a
1801 2634 1998 2699 fratre
2037 2654 2170 2698 esse
2208 2631 2522 2696 celatum:
2570 2630 2671 2696 sin
2713 2635 2936 2696 autem

522 2733 773 2819 aliquid
805 2734 1160 2820 impertivit
1198 2734 1320 2802 tibi
1367 2737 1467 2801 sui
1509 2737 1776 2817 consilii,
1820 2737 1984 2802 lenis
2022 2758 2062 2800 a
2103 2740 2170 2801 te
2213 2739 2280 2800 et
2323 2733 2533 2800 facilis
2577 2734 2936 2800 existimari

527 2836 749 2918 debeo,
781 2838 895 2922 qui
923 2838 1090 2903 nihil
1117 2848 1329 2904 tecum
1372 2840 1452 2904 de
1493 2838 1594 2905 his
1625 2840 1781 2926 ipsis
1808 2838 1999 2905 rebus
2027 2838 2446 2925 expostulem.
2536 2836 2631 2902 Et
2658 2838 2714 2902 si
2742 2837 2935 2902 intel-

520 2939 687 3026 legis
725 2963 857 3005 non
897 2963 1002 3006 me
1039 2942 1209 3007 dicto
1247 2942 1520 3023 Metelli,
1561 2951 1638 3009 ut
1678 2942 1918 3022 scribis,
1960 2943 2073 3007 sed
2110 2941 2374 3007 consilio
2413 2940 2550 3006 eius
2591 2941 2938 3027 animoque

521 3042 596 3108 in
632 3064 736 3108 me
781 3043 1220 3110 inimicissimo
1260 3068 1392 3112 esse
1440 3051 1849 3125 commotum,
1894 3066 2200 3132 cognosce
2242 3066 2417 3109 nunc
2458 3044 2937 3109 humanitatem

525 3166 761 3225 meam,
791 3146 845 3211 si
873 3145 1243 3213 humanitas
1283 3148 1668 3235 appellanda
1703 3153 1799 3215 est
1839 3149 1908 3214 in
1951 3146 2356 3214 acerbissima
2382 3146 2621 3212 iniuria
2648 3147 2941 3213 remissio

524 3247 728 3314 animi
775 3270 849 3314 ac
892 3249 1245 3317 dissolutio.
1334 3252 1541 3317 Nulla
1579 3257 1678 3318 est
1717 3275 1757 3318 a
1793 3274 1897 3317 me
1933 3272 2245 3336 umquam
2289 3250 2613 3315 sententia
2652 3249 2828 3316 dicta
2866 3251 2940 3316 in

526 3352 794 3418 fratrem
853 3355 1042 3417 tuum
1077 3375 1092 3417 :
1168 3355 1739 3441 quotienscumque
1811 3354 2057 3441 aliquid
2114 3357 2211 3420 est
2268 3358 2506 3433 actum,
2572 3354 2801 3419 sedens
2858 3354 2943 3419 iis

526 3581 541 3594 .
581 3580 595 3593 .
637 3581 650 3592 .
683 3547 871 3593 salvam
901 3561 996 3594 me
1025 3550 1271 3596 consulatu
1302 3551 1463 3599 abiem
1490 3556 1542 3601 in
1571 3568 1681 3600 eon-
1785 3550 1950 3601 which
1995 3565 2098 3599 vas
2152 3549 2396 3611 supposed
2439 3554 2493 3599 to
2534 3547 2665 3598 have
2717 3546 2943 3601 irritatod

530 3610 658 3658 tione
681 3610 739 3658 P.
760 3611 824 3658 R.
849 3612 970 3658 idem
994 3613 1188 3660 iurante
1207 3615 1503 3663 intravissent.
1562 3616 1687 3665 This
1786 3616 1970 3671 Cicero,
1998 3615 2096 3664 and
2116 3620 2168 3663 to
2191 3614 2353 3663 which
2378 3612 2612 3662 Metellus
2634 3612 2779 3662 Celer
2799 3614 2942 3664 attri-

528 3690 733 3737 pasaage
754 3673 958 3724 defends
987 3676 1074 3725 the
1105 3680 1286 3726 iuram
1310 3680 1496 3727 iurarit
1519 3680 1687 3731 which
1787 3679 1930 3729 butes
1953 3679 2174 3729 Cicero's
2196 3679 2361 3728 attach
2383 3694 2448 3728 on
2470 3676 2548 3727 his
2571 3676 2789 3727 brother.

526 3738 756 3789 offended
793 3754 924 3789 some
962 3739 1157 3797 editors,
1206 3744 1302 3791 and
1339 3742 1473 3793 leads
1512 3760 1590 3794 me
1634 3751 1686 3795 to
1842 3746 2088 3804 praesenti
2111 3742 2291 3808 restiti]
2341 3746 2354 3771 ‘
2372 3742 2637 3793 withstood
2660 3741 2766 3791 him
2788 3749 2841 3793 to
2862 3742 2945 3793 his

527 3810 711 3853 restore
749 3805 872 3852 idem
910 3803 965 3852 of
1001 3805 1087 3854 the
1122 3821 1220 3855 mss
1256 3807 1331 3856 for
1365 3807 1451 3858 the
1490 3811 1684 3875 conjec-
1784 3807 1933 3859 face?

526 3873 640 3917 ture
675 3870 787 3916 item
804 3883 824 3925 ‚⁰
856 3867 973 3917 thus
1011 3872 1131 3918 idem
1169 3886 1338 3933 agrees
1378 3873 1502 3923 with
1542 3877 1680 3936 quod,
1851 3874 1993 3922 tertio
2036 3889 2215 3935 quoque
2257 3871 2416 3936 verbo]
2487 3870 2577 3935 Op.
2616 3872 2701 3920 νὴ·
2736 3872 2946 3920 decimu·

528 3934 628 3983 and
657 3932 700 3982 is
729 3934 973 3996 governed
998 3932 1067 3997 by
1091 3936 1288 3995 iuravit,
1312 3937 1397 3986 the
1420 3939 1579 3988 words
1606 3956 1678 3989 me
1776 3941 1977 4013 quisque
2006 3944 2077 3986 est
2102 3940 2189 3999 qui
2221 3954 2316 3985 sese
2342 3939 2476 3998 ipsus
2507 3938 2709 3993 noverit,
2746 3936 2823 3985 Pl.
2855 3935 2940 3985 Ps.

526 4013 632 4046 cere
675 4000 856 4046 iurasse
897 3997 1047 4062 being
1088 3999 1408 4066 explanatory
1451 4004 1507 4051 of
1554 4006 1680 4065 quod
1774 4018 1845 4051 iv.
1895 4006 1942 4063 2,
1988 4003 2074 4062 17;
2121 4006 2284 4063 primo
2328 4017 2507 4064 quoquo
2561 4007 2784 4062 tempore,
2831 4000 2941 4051 cio.

529 4064 669 4125 idem,
713 4061 905 4111 ‘which
935 4079 1068 4113 same
1098 4064 1214 4113 oath
1243 4064 1327 4115 the
1357 4067 1528 4131 people
1556 4069 1675 4118 took
1775 4066 1905 4116 Phil.
1931 4066 2005 4116 iii.
2050 4069 2131 4116 39.

531 4126 605 4239 {in
640 4125 900 4191 swearing)
941 4127 1050 4177 that
1090 4128 1118 4178 Ι
1151 4128 1249 4178 had
1291 4146 1452 4180 sworn
1497 4132 1669 4197 truly?
1845 4134 1897 4181 oi
1930 4138 2073 4194 atque
2108 4129 2433 4196 impressione]
2528 4128 2749 4180 ‘violent
2778 4129 2943 4180 brow-

560 4190 586 4240 f
630 4190 658 4240 Ι
702 4192 936 4255 departed
976 4193 1107 4242 from
1150 4192 1235 4243 the
1278 4210 1353 4245 ms
1397 4194 1616 4260 reading,
1653 4196 1681 4246 Ι
1783 4195 2021 4259 hosting!

530 4256 696 4305 would
723 4257 853 4313 read,
887 4262 975 4305 not
1005 4260 1132 4315 item,
1166 4258 1257 4307 but
1289 4261 1560 4321 identidem,
1596 4261 1682 4311 the
1845 4258 2072 4325 celatum]
2144 4259 2293 4322 ‘kept
2314 4259 2370 4309 in
2391 4258 2475 4309 the
2498 4258 2655 4308 dark.'

529 4319 812 4384 conjecture
840 4320 896 4370 of
922 4320 1020 4372 Mr.
1057 4322 1115 4372 L.
1150 4322 1344 4373 Purser.
1415 4324 1548 4374 Plut.
1575 4325 1679 4376 Cic.
1846 4328 1898 4373 9.
1935 4326 2152 4373 remissio
2181 4326 2337 4373 animi
2370 4340 2426 4373 ao
2457 4321 2730 4389 dissolutio]
2802 4322 2942 4373 ‘cul-

532 4388 614 4445 23,
660 4400 812 4450 says:
866 4387 1085 4447 δτι-ὤμνυε
1136 4388 1190 4438 δὲ
1239 4390 1329 4439 τὸν
1363 4389 1507 4454 ὅρκον
1550 4393 1680 4454 αὑτῷ·
1779 4389 1924 4454 pable
1959 4390 2212 4438 weakness
2247 4389 2344 4438 and
2384 4389 2563 4453 laxity.
2634 4386 2716 4437 Cf.
2754 4389 2865 4437 Att.
2903 4388 2941 4437 i.

530 4448 723 4510 σύμπας
757 4453 784 4500 ὁ
809 4452 974 4512 δῆμυς.
1785 4458 1860 4515 19,
1910 4456 1955 4513 8,
2001 4453 2166 4503 where
2209 4455 2491 4503 dissolutum
2534 4453 2578 4503 is
2623 4453 2840 4518 opposed
2886 4460 2946 4505 to

597 4515 644 4563 8.
681 4515 907 4580 eibinon]
971 4517 1107 4567 ‘that
1129 4517 1192 4567 he
1213 4517 1310 4569 had
1327 4519 1676 4585 alreadycom-
1778 4534 2015 4581 asperum.

527 4576 701 4629 mitted
744 4578 979 4630 himself!
1056 4581 1178 4632 This
1223 4600 1323 4634 was
1367 4584 1452 4635 the
1496 4588 1675 4635 dictum
1842 4582 2098 4646 sentencia]
2165 4583 2350 4633 ‘vote.'
