3229 5145
522 474 653 539 316
1200 471 1350 535 ΕΡ.
1397 469 1661 535 XLIX.
1716 468 1948 555 (ATT.
1981 468 2085 532 II.
2120 465 2255 549 22.)

523 645 693 711 hanc
730 644 785 710 si
822 644 934 711 ille
973 666 1105 709 non
1136 646 1434 723 servaret,
1465 642 1561 709 ita
1587 641 1897 722 laturum,
1927 644 2005 706 ut
2033 660 2253 706 omnes
2277 636 2731 723 intellegerent
2762 634 2940 700 nihil

524 749 648 814 sibi
676 748 1006 834 antiquius
1039 745 1325 812 amicitia
1362 749 1583 811 nostra
1617 744 1835 811 fuisse.
1923 742 2113 809 Haeo
2154 746 2221 808 et
2258 742 2328 806 in
2368 763 2512 806 eam
2547 739 2946 806 sententiam

521 874 673 918 cum
714 852 924 918 multa
962 850 1247 931 dixisset,
1279 848 1493 916 'aiebat
1521 849 1711 914 illum
1747 846 1956 934 primo
1997 867 2151 912 sane
2189 844 2306 910 diu
2342 843 2551 909 multa
2578 846 2822 920 contra,
2853 843 2946 906 ad

521 960 885 1021 extremum
916 958 1136 1020 autem
1171 975 1404 1020 manus
1435 952 1683 1018 dedisse
1719 955 1786 1018 et
1824 950 2196 1017 adfirmasse
2233 947 2403 1013 nihil
2441 969 2510 1013 se
2547 949 2773 1012 contra
2801 945 2947 1010 eius

525 1059 923 1125 voluntatem
964 1080 1097 1123 esse
1136 1057 1474 1123 facturum.
1565 1054 1698 1122 Sed
1731 1059 1955 1142 postea
1991 1058 2211 1121 tamen
2248 1051 2360 1118 ille
2397 1073 2531 1117 non
2570 1048 2820 1115 destitit
2858 1048 2946 1114 de

525 1162 710 1228 nobis
753 1161 1095 1248 asperrime
1133 1158 1331 1245 loqui.
1424 1158 1620 1231 Quod
1657 1158 1714 1224 si
1755 1180 1890 1224 non
1933 1158 2192 1238 faceret,
2233 1160 2453 1222 tamen
2497 1153 2558 1220 ei
2601 1152 2770 1218 nihil
2806 1173 2944 1217 cre·

522 1266 820 1331 deremus
851 1268 1046 1349 atque
1076 1262 1311 1342 omnia,
1342 1262 1507 1328 sicut
1540 1261 1833 1342 facimus,
1861 1282 2251 1348 pararemus.
2343 1260 2406 1325 3.
2453 1257 2651 1324 Nunc
2688 1256 2784 1322 ita
2821 1277 2947 1321 nos

522 1368 828 1455 gerimus,
879 1373 956 1433 ut
999 1366 1071 1432 in
1121 1366 1259 1432 dies
1308 1364 1598 1452 singulos
1650 1370 1715 1431 et
1757 1365 1974 1432 studia
2019 1365 2091 1430 in
2136 1385 2255 1430 nos
2294 1362 2636 1428 hominum
2678 1364 2745 1425 et
2787 1380 2947 1445 opes

523 1476 777 1537 nostrae
805 1474 1184 1558 augeantur.
1276 1468 1445 1535 Rem
1483 1468 1812 1556 publicam
1849 1468 2035 1534 nulla
2078 1490 2159 1534 ex
2202 1470 2387 1554 parte
2430 1462 2839 1549 attingimus,
2866 1461 2944 1527 in

521 1574 729 1640 causis
757 1579 952 1660 atque
978 1573 1050 1638 in
1077 1572 1194 1638 illa
1222 1594 1414 1658 opera
1442 1575 1663 1639 nostra
1691 1571 1933 1638 forensi
1962 1593 2216 1638 summa
2241 1567 2562 1635 industria
2588 1587 2940 1632 versamur.

524 1678 722 1749 Quod
771 1678 1028 1765 egregie
1079 1699 1212 1743 non
1254 1677 1445 1743 modo
1490 1676 1593 1756 iis,
1641 1676 1755 1763 qui
1799 1680 2073 1741 utuntur
2127 1672 2412 1762 [opera],
2463 1671 2576 1738 sed
2626 1669 2826 1736 etiam
2868 1670 2942 1734 in

524 1782 762 1868 vulgus
791 1787 1051 1868 gratum
1079 1802 1212 1846 esse
1241 1779 1572 1845 sentimus.
1663 1778 1915 1844 Domus
1943 1778 2319 1858 celebratur,
2350 1774 2722 1855 occurritm,
2753 1795 2937 1839 reno-

472 1878 489 1902 '
524 1889 716 1951 vatur
742 1883 1051 1950 memoria
1079 1882 1467 1961 consulatue,
1498 1882 1716 1948 studia
1744 1881 2212 1969 significantur,
2243 1881 2314 1946 in
2344 1901 2489 1946 eam
2522 1899 2702 1965 spem
2732 1877 2936 1942 addu-

523 1989 751 2067 cimur,
773 1993 849 2053 ut
876 1986 1063 2053 nobis
1084 2008 1161 2051 ea
1181 1985 1527 2065 contenti0,
1551 2006 1717 2072 quae
1745 1985 2095 2072 impendet,
2119 1985 2447 2050 interdum
2467 2004 2602 2048 non
2622 1980 2942 2066 fugienda

526 2091 842 2157 videatur.
932 2093 996 2155 4.
1042 2089 1240 2156 Nunc
1265 2088 1429 2155 mihi
1458 2093 1524 2155 et
1551 2088 1834 2155 consiliis
1862 2109 2025 2175 opus
2053 2093 2149 2155 est
2176 2087 2308 2153 tuis
2345 2090 2411 2154 et
2450 2107 2666 2151 amore
2692 2089 2760 2149 et
2788 2083 2936 2149 fide.

525 2194 678 2265 Qua
704 2217 774 2260 re
803 2194 1053 2260 advola.
1142 2191 1470 2279 Expedita
1503 2191 1668 2258 mihi
1698 2197 1889 2259 erunt
1917 2191 2154 2271 omnia,
2186 2191 2242 2257 si
2269 2194 2336 2258 te
2363 2188 2629 2255 habebo.
2721 2186 2943 2253 Multa

526 2319 640 2383 per
657 2296 1017 2365 Varronem
1045 2300 1337 2362 nostrum
1365 2295 1477 2383 agi
1505 2300 1796 2382 possunt,
1820 2318 1986 2382 quae
2014 2300 2081 2361 te
2107 2298 2384 2382 urgente
2412 2295 2603 2358 erunt
2631 2290 2939 2371 firmiora,

526 2399 736 2466 multa
774 2399 857 2466 ab
897 2400 1038 2486 ipso
1068 2398 1304 2465 Publio
1343 2399 1508 2481 elici,
1546 2399 1759 2465 multa
1792 2399 2108 2484 cognosci,
2140 2420 2304 2484 quae
2347 2396 2469 2463 tibi
2512 2394 2764 2460 occulta
2806 2416 2942 2460 esse

527 2525 661 2570 non
688 2506 1026 2590 poterunt:
1072 2503 1282 2569 multa
1323 2502 1723 2569 etiam—sed
1765 2501 2115 2569 absurdum
2156 2505 2253 2567 est
2296 2499 2556 2586 singula
2596 2498 2940 2584 explicare,

526 2629 676 2674 eum
717 2629 840 2694 ego
881 2606 1205 2694 requiram
1242 2611 1309 2672 te
1345 2607 1430 2672 ad
1473 2606 1711 2673 omnia.
1802 2607 1863 2672 5.
1910 2605 2146 2672 Unum
2186 2605 2354 2670 illud
2395 2603 2520 2669 tibi
2558 2602 2944 2689 persuadeas

528 2711 746 2787 velim,
778 2711 998 2777 omnia
1024 2710 1187 2776 mihi
1215 2709 1352 2776 fore
1381 2710 1719 2796 explicata,
1750 2709 1808 2776 si
1835 2713 1901 2775 te
1929 2709 2187 2776 videro:
2233 2709 2347 2774 sed
2374 2711 2586 2774 totum
2614 2708 2714 2771 est
2741 2704 2814 2770 in
2845 2727 2939 2782 ec,

524 2814 585 2880 si
627 2818 799 2894 ante,
844 2835 1040 2900 quam
1095 2813 1208 2878 ille
1264 2812 1442 2879 ineat
1482 2813 1955 2900 magistratum.
2067 2813 2240 2879 Puto
2284 2809 2666 2897 Pompeium
2711 2807 2940 2874 Crasso

529 2999 754 3062 expelled
790 3000 860 3064 by
898 2998 1200 3058 Lambinus;
1241 2999 1285 3050 it
1321 3015 1459 3050 arose
1490 2999 1623 3050 from
1653 3016 1686 3051 a

526 3066 861 3126 dittography,
898 3081 1073 3125 passus
1109 3079 1253 3113 essnr
1289 3080 1394 3113 ssr.
1465 3062 1567 3114 For
1596 3065 1685 3116 the

531 3129 725 3191 phrase,
773 3130 842 3178 cf.
886 3129 1027 3178 Fam.
1074 3128 1110 3177 i.
1158 3132 1207 3190 9,
1254 3131 1302 3190 9,
1350 3131 1471 3191 quid
1509 3131 1605 3178 sibi
1642 3132 1686 3178 is

529 3196 585 3242 do
637 3208 709 3243 mo
754 3196 994 3254 recepisset
1050 3197 1103 3242 in
1155 3195 1426 3242 memoriam
1480 3196 1680 3256 redeqit,

526 3258 628 3307 and
665 3257 774 3307 Cat.
811 3258 1006 3318 iii.10,
1046 3274 1165 3321 quae
1201 3259 1295 3307 eibi
1331 3260 1479 3322 legati
1521 3275 1684 3308 eorum

532 3324 823 3383 recepissent.

595 3390 671 3436 ita
692 3385 928 3452 laturum]
995 3403 1063 3437 sc.
1092 3394 1190 3436 tam
1214 3403 1366 3450 αμα-α,
1400 3390 1415 3416 ‘
1429 3386 1493 3438 he
1513 3388 1682 3438 would

532 3451 595 3501 be
617 3467 671 3502 so
691 3453 919 3516 annoyed
940 3452 1083 3502 that?

595 3519 845 3592 antiqu-ius
941 3519 954 3542 ‘
970 3533 1103 3567 more
1122 3516 1429 3580 important,²
1455 3531 1510 3566 so
1530 3535 1678 3581 πρεσ-

528 3581 815 3696 bbg-epm
828 3581 1072 3707 purga-lotam
1107 3647 1243 3695 nulla
1284 3662 1342 3695 ex
1377 3644 1545 3720 parto]
1620 3646 1679 3696 ‘1

530 3711 647 3761 take
680 3726 747 3760 no
780 3717 892 3773 part
925 3711 1180 3761 whatever
1220 3711 1276 3760 in
1312 3709 1510 3773 pohtics
1526 3728 1538 3760 ε
1556 3710 1569 3732 ’
1606 3711 1677 3761 ef.

530 3777 639 3825 Att.
665 3776 702 3825 i.
733 3779 808 3838 13,
837 3779 883 3838 2,
910 3776 1037 3825 nihil
1057 3792 1209 3840 agens
1230 3791 1344 3824 cum
1364 3774 1634 3837 republica.

596 3841 1107 3904 opera...sor0nsi
1203 3839 1355 3890 thes
1510 3855 1562 3889 es
1606 3842 1683 3889 for

530 3905 778 3955 Antonius
820 3905 916 3970 (his
948 3906 1030 3955 old
1065 3922 1122 3955 co
1161 3907 1352 3968 eague),
1394 3904 1476 3954 for
1518 3903 1678 3954 Ther-

531 3986 661 4032 mus,
716 3971 816 4020 and
867 3970 948 4019 for
1001 3970 1225 4032 Flaccus,
1284 3984 1366 4019 are
1418 3968 1507 4019 the
1558 3969 1681 4034 only

532 4034 763 4098 speeches
790 4034 847 4085 of
877 4034 978 4084 this
1009 4051 1129 4099 year
1158 4034 1215 4084 oi
1246 4032 1412 4082 which
1445 4048 1522 4083 we
1551 4032 1683 4084 have

528 4115 633 4213 lmy
653 4101 837 4150 record.
905 4099 1012 4149 The
1041 4106 1142 4150 two
1164 4099 1273 4148 first
1293 4096 1576 4147 mentioned
1595 4113 1681 4148 are

596 4232 645 4278 4.
690 4228 971 4295 Varronem]
1038 4228 1113 4277 M.
1139 4225 1399 4278 Terentius
1418 4225 1593 4277 Varro.

595 4294 764 4343 flabeio
785 4294 914 4357 elici]
984 4293 1077 4343 See
1108 4293 1131 4356 ᾇ
1161 4297 1205 4354 1,
1233 4294 1351 4354 quid
1380 4298 1494 4341 emt
1512 4291 1680 4354 sactu-

528 4373 617 4407 rus
649 4361 767 4407 scire
791 4374 1028 4419 possmus
1063 4392 1076 4405 .
1115 4392 1128 4405 .
1169 4394 1182 4406 .
1218 4358 1353 4406 nihil
1388 4356 1525 4405 habet
1562 4358 1682 4406 certi

535 4459 548 4471 .
584 4458 599 4471 .
639 4459 652 4472 .
688 4425 892 4471 videtur.

598 4488 646 4536 5.
681 4489 763 4535 sed
789 4493 939 4535 totum
962 4493 1032 4535 est
1059 4487 1111 4535 in
1133 4502 1199 4545 eo,
1223 4485 1291 4551 εἰ]
1310 4550 1321 4562 .
1358 4485 1481 4537 ‘but
1500 4499 1564 4536 ev
1657 4512 1680 4526 -

529 4550 678 4616 thing
704 4551 919 4614 depends
949 4565 1015 4601 on
1041 4565 1169 4617 your
1196 4565 1395 4616 coming
1422 4549 1593 4601 before

1784 3006 1947 3050 enters
1984 3015 2049 3049 on
2086 2998 2166 3048 his
2202 2997 2482 3049 tribunate:
2502 2995 2517 3021 ’
2556 2996 2623 3046 cf.
2659 2995 2721 3051 Q.
2750 2995 2835 3044 Fr.
2861 2995 2934 3045 iii.

1789 3069 1831 3126 1,
1865 3068 1910 3125 1,
1935 3069 2094 3114 totum
2117 3064 2173 3113 in
2192 3079 2252 3113 eo
2273 3069 2349 3114 est
2372 3067 2430 3111 ut
2450 3061 2709 3112 tectorium
2732 3059 2934 3110 concin-

1784 3146 1907 3179 num
1927 3129 2010 3179 sit.

1849 3195 1974 3243 Puto
2004 3190 2303 3258 Pompeium]
2373 3190 2432 3240 ⁴1
2463 3189 2610 3240 think
2641 3189 2687 3239 if
2717 3205 2824 3254 you
2854 3205 2938 3240 are

1782 3257 1900 3308 here
1922 3258 2071 3308 while
2089 3257 2292 3308 Crassus
2314 3256 2358 3306 is
2378 3256 2563 3320 egging
2584 3270 2650 3304 on
2671 3254 2938 3318 Pompeius

1784 3321 1979 3387 against
2000 3339 2095 3383 me,
2121 3338 2240 3387 you,
2260 3321 2375 3371 who
2397 3322 2464 3384 by
2480 3336 2649 3369 means
2670 3319 2725 3368 of
2742 3319 2936 3380 clodia,

1780 3388 1927 3437 could
1951 3387 2174 3437 discover
2197 3386 2327 3435 from
2356 3385 2556 3436 Clodius
2588 3384 2795 3433 himself
2821 3383 2937 3434 how

1778 3452 1860 3502 far
1892 3451 1980 3501 the
2012 3450 2311 3516 professione
2345 3449 2401 3499 of
2428 3451 2515 3500 the
2543 3447 2825 3498 Triumvirs
2852 3464 2938 3498 are

1779 3516 2167 3580 sincere—then,
2212 3515 2239 3564 I
2284 3515 2446 3573 think,
2484 3514 2512 3563 I
2550 3514 2680 3563 shall
2724 3513 2787 3563 be
2829 3512 2937 3563 free

1778 3582 1910 3631 from
1951 3596 2258 3645 annoyance,
2300 3596 2356 3630 or
2397 3588 2451 3629 at
2492 3579 2619 3628 least
2663 3579 2791 3627 from
2834 3593 2936 3642 any

1780 3644 2230 3760 &imme
2245 3644 2522 3759 ffiffiffi
2545 3642 2936 3758 emm-2

1779 3776 2056 3890 23⁸?ss
2105 3744 2936 3894 &mmmm

1779 3904 1929 3954 doma
1958 3904 2018 3953 it.
2050 3856 2168 3954 y011
2202 3904 2287 3953 tho
2321 3877 2646 3963 other’hand,
2681 3904 2783 3962 ap„
2815 3917 2932 3951 m·

1778 3976 1868 4018 not
1921 3968 2054 4019 refer
2105 3978 2159 4019 to
2214 3968 2436 4018 Crassus.
2537 3966 2592 4016 If
2643 3967 2748 4016 this
2804 3983 2934 4016 were

1778 4033 2008 4096 possible,
2053 4033 2141 4083 the
2184 4040 2413 4082 sentence
2456 4031 2623 4082 would
2678 4031 2743 4080 be
2796 4047 2930 4095 easy.

1786 4097 2240 4147 ‘AsitisCrassus
2263 4097 2376 4146 who
2403 4096 2448 4146 is
2475 4096 2562 4146 the
2592 4096 2928 4160 realinstign·

1779 4167 1859 4212 tor
1886 4162 1942 4211 of
1961 4162 2225 4225 Pompeius
2254 4163 2448 4225 against
2475 4177 2569 4222 me,
2604 4176 2710 4225 you
2737 4160 2847 4210 will
2870 4160 2934 4210 be

1780 4226 1891 4277 able
1911 4232 1966 4277 to
1986 4227 2090 4276 find
2106 4233 2195 4276 out
2210 4226 2338 4276 from
2361 4225 2484 4287 him,
2504 4225 2724 4289 through
2741 4225 2930 4283 Clodia,

1780 4291 1894 4342 how
1934 4292 2012 4342 far
2044 4291 2167 4357 they
2200 4307 2283 4341 are
2324 4293 2513 4341 sincere
2554 4290 2610 4339 in
2651 4290 2786 4339 their
2819 4304 2934 4353 pro-

1780 4358 1929 4406 mises
1966 4356 2023 4405 of
2057 4355 2332 4419 protection
2366 4355 2422 4405 of
2454 4354 2572 4404 me.’
2657 4353 2764 4405 But
2798 4353 2936 4404 what

1781 4420 1872 4470 has
1916 4419 2088 4471 Clodia
2130 4426 2183 4470 to
2225 4420 2289 4471 do
2331 4419 2456 4470 with
2499 4418 2746 4470 Crassus?
2817 4419 2933 4480 Ipn

1781 4490 1917 4536 must
1947 4486 2009 4535 be
2041 4485 2259 4546 Clodius,
2296 4491 2309 4515 ‘
2323 4500 2410 4549 my
2440 4499 2568 4547 open
2598 4483 2723 4547 foe,'
2758 4498 2816 4534 as
2845 4498 2932 4559 op-

1782 4550 1932 4616 posed
1963 4555 2017 4600 to
2046 4548 2127 4599 his
2158 4554 2328 4600 cover-t
2355 4548 2658 4613 instigator-s.
2726 4547 2870 4599 Evsn
2887 4546 2935 4597 11
