3229 5145
541 468 670 534 264
1244 468 1393 535 ΕΡ.
1437 470 1665 535 xxx.
1719 470 1825 553 (Q.
1856 470 1997 536 ff.
2027 470 2089 536 ι.
2121 469 2215 555 1.)

540 641 724 709 nobis
751 644 990 729 optime
1018 645 1319 708 meritum
1356 650 1423 709 et
1459 665 1575 730 per
1610 666 1729 710 nos
1768 666 1915 710 cum
1951 667 2022 710 re
2059 643 2317 729 publica
2353 643 2767 709 coniunctum
2794 647 2861 709 et
2887 663 2930 708 a

540 745 724 812 nobis
765 751 832 812 et
873 768 913 811 a
954 768 1023 810 re
1065 745 1322 831 publica
1362 747 1774 834 diiungemus
1805 769 1819 811 ε
1880 748 1982 814 sin
2031 751 2247 813 autem
2289 744 2585 812 omnibus
2625 745 2697 810 in
2739 743 2934 811 rebus

538 848 974 935 obsequemur,
1013 849 1307 915 funditus
1350 872 1455 916 eos
1497 850 1702 937 perire
1745 850 2084 936 patiemur,
2122 871 2394 936 quorum
2429 870 2560 915 non
2598 850 2793 915 modo
2831 870 2930 914 san

537 952 680 1031 luti,
725 954 833 1018 sed
879 953 1071 1018 etiam
1114 953 1458 1019 commodis
1499 954 1824 1020 consulere
1867 952 2190 1020 debemus.
2310 952 2497 1019 Haec
2537 956 2634 1019 est
2676 974 2832 1032 una,
2877 952 2934 1016 si

536 1077 684 1121 vere
725 1056 1004 1140 cogitare
1032 1056 1344 1136 volumus,
1374 1057 1445 1122 in
1472 1061 1610 1123 toto
1654 1057 1923 1143 imperio
1962 1062 2076 1124 tuo
2119 1057 2481 1123 difficultas.
2569 1055 2753 1123 Nam
2796 1077 2932 1121 esse

536 1158 981 1239 abstinentem,
1040 1159 1363 1224 continere
1420 1181 1640 1226 omnes
1697 1160 2097 1246 cupiditates,
2172 1182 2320 1226 suos
2391 1164 2694 1238 coercere,
2770 1158 2933 1225 iuris

542 1262 938 1348 aequabilem
976 1266 1193 1327 tenere
1232 1263 1569 1342 rationem,
1600 1263 1859 1331 facilem
1903 1287 1970 1330 se
2006 1264 2079 1329 in
2115 1263 2306 1330 rebus
2347 1262 2821 1350 cognoscendis,
2860 1262 2930 1328 in

536 1364 901 1431 hominibus
943 1365 1276 1431 audiendis
1317 1366 1858 1454 admittendisque
1900 1366 2223 1453 praebere,
2277 1367 2677 1454 praeclarum
2718 1366 2931 1453 magis

530 1472 629 1534 est
657 1491 850 1554 quam
878 1468 1151 1534 difficile.
1240 1469 1395 1535 Non
1434 1474 1529 1537 est
1568 1469 1743 1537 enim
1781 1471 2063 1557 positum
2096 1470 2168 1536 in
2204 1469 2420 1537 labore
2450 1469 2686 1557 alique,
2717 1472 2831 1535 sed
2858 1470 2928 1536 in

533 1573 810 1657 quadam
838 1572 1206 1637 inductione
1234 1573 1436 1638 animi
1462 1580 1529 1639 et
1557 1574 1910 1641 voluntate.
2000 1576 2108 1640 33.
2156 1574 2287 1639 ma
2328 1596 2519 1640 causa
2556 1573 2928 1661 publicano-

534 1697 680 1740 rum
718 1681 1027 1760 quantam
1069 1674 1477 1741 acerbitatem
1526 1677 1780 1745 adferat
1825 1677 2008 1744 sociis
2055 1678 2493 1745 intelleximus
2534 1700 2615 1743 ex
2661 1676 2928 1757 civibus,

534 1780 648 1863 qui
676 1801 881 1864 nuper
917 1780 987 1842 in
1025 1779 1320 1863 portoriis
1346 1778 1579 1846 Italiae
1608 1781 1912 1847 tollendis
1951 1803 2082 1848 non
2122 1786 2262 1847 tam
2297 1782 2377 1846 de
2416 1781 2696 1868 portorio
2734 1803 2931 1867 quam

536 1883 617 1949 de
643 1904 774 1947 non
803 1882 999 1946 nullis
1025 1882 1277 1948 iniuriis
1307 1883 1693 1969 portitorum
1722 1883 2173 1970 querebantur.
2265 1884 2415 1956 Qua
2441 1908 2510 1950 re
2537 1906 2671 1950 non
2702 1885 2933 1971 ignoro

532 1984 691 2071 quid
729 1984 911 2050 sociis
946 1985 1191 2050 accidat
1231 1985 1304 2050 in
1346 1987 1593 2053 ultimis
1635 1988 1839 2068 terris,
1885 2010 2031 2054 cum
2075 1989 2388 2054 audierim
2428 1988 2500 2053 in
2544 1987 2745 2053 Italia
2779 2009 2932 2074 que·

532 2087 722 2154 rellas
759 2088 1012 2154 civium.
1103 2087 1238 2154 Hic
1283 2095 1348 2155 te
1397 2089 1493 2156 ita
1529 2091 1788 2172 versari,
1838 2095 1916 2159 ut
1967 2095 2033 2158 et
2082 2091 2441 2177 publicanis
2499 2091 2655 2157 satis
2710 2091 2932 2171 facias,

531 2191 904 2278 praesertim
959 2191 1229 2277 publicis
1285 2193 1454 2259 male
1509 2194 1876 2281 redemptis,
1937 2199 2003 2260 et
2060 2196 2259 2261 socios
2316 2195 2522 2280 perire
2578 2216 2711 2259 non
2762 2194 2935 2260 sinas

530 2293 788 2360 divinae
825 2294 1155 2362 cuiusdam
1182 2296 1441 2362 virtutis
1482 2318 1617 2364 esse
1644 2297 1917 2378 videtur,
1964 2298 2036 2365 id
2078 2302 2193 2378 est,
2238 2302 2410 2364 tuae.
2503 2297 2606 2364 Ac
2647 2298 2936 2386 primum

533 2396 792 2464 Graecis
832 2398 921 2478 id,
963 2398 1136 2484 quod
1178 2398 1653 2466 acerbissimum
1690 2406 1807 2480 est,
1847 2401 2021 2487 quod
2064 2405 2217 2466 sunt
2253 2401 2617 2488 vectigales,
2663 2423 2798 2467 non
2840 2402 2938 2467 ita

534 2500 832 2569 acerbum
861 2502 1066 2568 videri
1095 2501 1305 2585 debet,
1334 2510 1673 2591 propterea
1711 2505 1886 2591 quod
1923 2504 2060 2570 sine
2093 2505 2364 2591 imperio
2397 2504 2622 2592 populi
2649 2503 2937 2571 Romani

531 2605 663 2672 suis
703 2605 1018 2673 institutis
1058 2629 1173 2692 per
1215 2629 1281 2673 se
1325 2608 1451 2694 ipsi
1491 2609 1587 2674 ita
1630 2608 1914 2674 fuerunt.
2023 2608 2283 2676 Nomen
2335 2613 2553 2675 autem
2603 2608 2938 2695 publicani

532 2710 858 2796 aspernari
899 2732 1029 2775 non
1073 2716 1358 2798 possunt,
1411 2712 1525 2798 qui
1581 2713 1860 2798 pendere
1908 2711 2034 2799 ipsi
2076 2712 2355 2798 vectigal
2397 2712 2533 2778 sine
2590 2712 2938 2798 publicano

531 2835 664 2879 non
707 2813 1053 2900 potuerint,
1099 2815 1273 2900 quod
1313 2814 1395 2881 iis
1438 2814 1791 2901 aequaliter
1834 2814 2019 2881 Sulla
2061 2816 2482 2901 discripserat.
2600 2815 2758 2882 Non
2802 2839 2940 2882 esse

533 2920 750 2982 autem
800 2916 1071 2982 leniores
1127 2917 1197 2982 in
1256 2917 1592 3004 exigendis
1636 2919 2057 3005 vectigalibus
2102 2918 2375 2985 Graecos
2430 2941 2629 3005 quam
2684 2925 2940 2986 nostros

532 3019 906 3105 publicanos
949 3019 1100 3085 hinc
1141 3021 1437 3106 intellegi
1479 3025 1708 3107 potest,
1739 3023 1913 3107 quod
1942 3020 2176 3087 Caunii
2213 3044 2422 3108 nuper
2462 3045 2811 3108 omnesque
2853 3046 2939 3088 ex

533 3121 778 3202 insulis,
840 3144 1003 3208 quae
1049 3128 1232 3189 erant
1283 3147 1321 3189 a
1371 3124 1556 3190 Sulla
1605 3124 1881 3191 Rhodiis
1938 3125 2306 3205 attributae,
2367 3125 2802 3212 confugerunt
2852 3128 2940 3193 ad

532 3229 844 3303 senatum,
876 3225 1060 3291 nobis
1097 3231 1174 3292 ut
1208 3227 1422 3313 potius
1451 3228 1727 3315 vectigal
1767 3250 1963 3314 quam
2002 3228 2277 3294 Rhodiis
2318 3230 2691 3315 penderent.
2786 3230 2939 3302 Qua

532 3350 601 3394 re
628 3349 865 3394 nomen
893 3328 1218 3415 publicani
1256 3353 1464 3416 neque
1501 3332 1552 3396 ii
1590 3332 1828 3398 debent
1855 3332 2129 3412 horrere,
2161 3334 2274 3417 qui
2312 3354 2562 3418 semper
2588 3334 2938 3421 vectigales

532 3432 817 3511 fuerunt,
847 3455 1055 3516 neque
1088 3433 1137 3498 ii
1169 3436 1514 3519 aspernari,
1545 3435 1659 3521 qui
1696 3458 1810 3523 per
1844 3458 1911 3501 se
1949 3436 2226 3522 pendere
2254 3437 2533 3523 vectigal
2571 3457 2705 3502 non
2744 3443 2936 3523 potu·

597 3587 677 3634 32.
714 3586 825 3635 Non
862 3622 874 3634 .
913 3620 927 3633 .
966 3622 980 3635 .
1017 3586 1141 3634 enim
1167 3586 1403 3653 positum]
1475 3587 1546 3638 ‘it
1565 3589 1682 3638 does
1780 3605 1811 3638 a
1845 3588 1944 3639 loss
1963 3589 1977 3612 ’
2018 3588 2089 3653 (as
2130 3587 2252 3653 they
2286 3588 2577 3638 afterwards
2629 3587 2789 3639 found
2830 3598 2935 3650 out,

531 3654 619 3699 not
645 3650 835 3713 depend
855 3665 920 3699 on
939 3665 1040 3714 any
1060 3650 1305 3701 laborious
1326 3652 1561 3715 exertion,
1588 3653 1682 3703 but
1780 3668 1861 3704 see
1889 3654 1995 3703 Att.
2029 3653 2066 3703 i.
2105 3655 2181 3715 17,
2205 3655 2276 3718 9).
2345 3654 2446 3703 For
2470 3655 2608 3714 nuce,
2640 3657 2723 3703 ‘at
2743 3670 2776 3703 a
2795 3654 2934 3717 loss,‘

530 3714 719 3829 ffirely
749 3730 815 3765 on
847 3731 912 3764 an
949 3715 1164 3766 exercise
1198 3716 1253 3766 of
1285 3717 1550 3768 resolution
1581 3719 1681 3768 and
1777 3718 2042 3832 mlix?-
2066 3717 2264 3847 {³338
2263 3734 2338 3832 {18
2354 3721 2457 3833 {3⁸2
2461 3754 2476 3779 ,
2494 3719 2938 3848 ᾜΒᾚιζιῗιξ

530 3846 696 3972 Νέρῗιε
712 3859 967 3959 {ubblis‘ffgd
987 3845 1319 3973 ammian&
1337 3844 1500 3976 1311)hri
1490 3846 1679 3962 tzoecldffi
1776 3848 1915 3960 10:32
1931 3911 2166 3988 suem-mc]
2209 3979 2220 3988 ·
2248 3928 2317 3962 sc.
2353 3914 2617 3974 meiqales.
2704 3912 2795 3977 Cp.
2837 3914 2936 3979 Ep.

530 3973 695 4023 mirate
715 3973 804 4023 the
826 3973 1044 4024 Italiam.
1101 3974 1259 4025 These
1280 3981 1390 4037 port
1411 3976 1532 4025 dues
1549 3991 1679 4027 were
1776 3976 1869 4025 lm.
1897 3980 1944 4036 9,
1969 3977 2091 4026 lxxi.
2120 3979 2149 4025 2
2174 3977 2260 4026 Ins.

527 4039 739 4153 pamma
770 4037 1174 4164 {Phfflobsstlilfforae
1198 4045 1404 4153 51:¹16qu
1437 4039 1677 4155 ἓιῖῗῐοῖιῖ
1777 4043 1952 4155 tagi&
1971 4040 2463 4157 35⁴?less
2477 4041 2937 4158 tlliacllGlsszkamppu·

527 4119 716 4282 'iss
736 4168 1016 4282 sss
1067 4168 1135 4231 ψ
1306 4169 1569 4282 -212111302121
1624 4175 1678 4284 ἵε
1775 4169 2149 4285 ww
2166 4170 2360 4283 ssd
2375 4177 2430 4221 ω
2449 4178 2671 4286 mam
2682 4115 2941 4248 1²1²&

527 4431 638 4489 port
668 4426 790 4476 dues
820 4426 1130 4477 themselves.
1649 4380 1677 4416 θ
1777 4431 1985 4480 tribuere
2026 4430 2071 4480 is
2103 4365 2201 4480 :lthe
2220 4380 2363 4480 utbrtg
2393 4371 2633 4496 useldwgry
2649 4431 2941 4550 Lis-&oggi

584 4491 793 4551 publicis
829 4494 949 4539 male
984 4490 1259 4558 redemptis]
1347 4495 1361 4522 ‘
1377 4491 1511 4543 since
1552 4492 1677 4559 they
1774 4495 1846 4544 all
1878 4495 2019 4545 other
2056 4494 2278 4545 classioal
2309 4495 2501 4545 writers
2532 4503 2710 4560 except

524 4553 645 4605 took
670 4554 756 4604 the
784 4561 1002 4605 contract
1032 4557 1107 4606 for
1135 4555 1221 4606 the
1250 4563 1390 4608 taxes
1411 4560 1469 4608 of
1484 4557 1604 4609 Asia
1624 4563 1677 4610 at
1776 4559 1890 4610 who
1909 4551 2097 4625 always
2118 4575 2231 4610 uses
2251 4560 2532 4609 attribuere.
