3229 5145
986 490 1129 554 ΕΡ.
1177 489 1404 556 XXX.
1457 488 1563 576 (Q.
1592 490 1736 557 FB.
1766 491 1828 556 I.
1860 492 1954 577 1.)
2535 489 2665 556 267

271 666 420 727 tuae
460 661 963 729 vehementiores
1005 661 1208 729 animi
1245 662 1720 745 concitationes,
1786 663 1974 730 nulla
2013 663 2358 730 maledicta
2399 663 2485 729 ad
2525 684 2663 744 nos,

271 764 490 830 nullae
538 766 962 834 contumeliae
1011 766 1463 853 perferuntur:
1525 789 1691 854 quae
1737 789 1884 833 cum
1930 765 2275 833 abhorrent
2326 788 2366 831 a
2413 766 2666 847 litteris,

272 866 356 934 ab
395 867 820 951 humanitate,
872 875 1016 937 tum
1059 892 1209 937 vero
1266 871 1585 937 contraria
1642 874 1795 936 sunt
1846 869 2117 957 imperio
2189 892 2264 936 ac
2336 869 2666 956 dignitati.

273 969 451 1037 Nam
499 972 556 1038 si
597 973 1032 1061 implacabiles
1071 973 1439 1040 iracundiae
1487 977 1662 1054 sunt,
1717 995 1968 1040 summa
2004 976 2102 1039 est
2152 972 2500 1039 acerbitas:
2568 973 2671 1038 sin

270 1080 490 1141 autem
517 1076 888 1158 exorabiles,
933 1100 1183 1144 summa
1207 1077 1474 1143 levitas:
1519 1099 1687 1164 quae
1713 1081 1951 1157 tamen,
1985 1081 2064 1143 ut
2089 1079 2162 1142 in
2190 1076 2398 1157 malis,
2430 1075 2670 1142 acerbi-

271 1175 397 1243 tati
424 1182 873 1266 anteponenda
901 1186 1014 1247 est.

401 1280 600 1351 XIV.
648 1285 751 1349 40.
800 1282 928 1350 Sed
957 1283 1262 1371 quoniam
1289 1283 1538 1371 primus
1581 1306 1792 1351 annus
1819 1282 2049 1350 habuit
2076 1284 2158 1350 de
2185 1282 2306 1348 hac
2333 1280 2674 1369 reprehen-

272 1385 451 1451 sione
498 1386 851 1472 plurimum
900 1388 1479 1455 sermonis—credo
1524 1393 1880 1476 propterea,
1946 1388 2122 1473 quod
2169 1385 2293 1452 tibi
2337 1384 2675 1451 hominum

273 1487 567 1569 iniuriae,
598 1491 772 1576 quod
798 1491 1123 1572 avaritiae,
1169 1492 1342 1579 quod
1369 1491 1714 1558 insolentia
1758 1496 2009 1579 praeter
2037 1490 2406 1576 opinionem
2435 1487 2675 1553 accide-

274 1590 389 1657 bat
418 1595 483 1659 et
509 1593 928 1661 intolerabilis
955 1593 1697 1662 videbatur—secundus
1739 1598 1958 1662 autem
1985 1595 2192 1660 multo
2235 1593 2458 1672 lenior,
2503 1590 2674 1676 quod

277 1702 341 1759 et
386 1698 776 1764 consuetudo
830 1703 899 1765 et
944 1698 1110 1764 ratio
1154 1703 1238 1779 et,
1278 1703 1355 1764 ut
1400 1721 1521 1785 ego
1571 1697 1864 1779 arbitror,
1908 1720 2088 1765 meae
2130 1718 2384 1783 quoque
2425 1695 2680 1760 litterae

275 1804 343 1864 te
370 1798 820 1885 patientiorem
851 1801 1282 1888 lenioremque
1324 1803 1634 1882 fecerunt,
1679 1803 1909 1868 tertius
1950 1825 2159 1868 annus
2195 1801 2291 1866 ita
2324 1798 2517 1866 debet
2543 1820 2677 1864 esse

275 1903 674 1984 emendatus,
719 1912 795 1971 ut
837 1927 921 1971 ne
959 1905 1297 1972 minimam
1342 1905 1607 1992 quidem
1654 1927 1789 1971 rem
1840 1905 2179 1993 quisquam
2222 1903 2423 1990 possit
2471 1902 2676 1967 ullam

274 2005 755 2092 reprehendere.
854 2010 960 2075 41.
1012 2008 1116 2074 Ac
1155 2009 1288 2075 iam
1330 2008 1451 2075 hoc
1491 2009 1632 2075 loco
1671 2030 1804 2075 non
1842 2008 2206 2076 hortatione
2243 2029 2453 2093 neque
2493 2026 2675 2091 prae-

277 2110 497 2196 ceptis,
541 2113 654 2177 sed
680 2111 972 2198 precibus
998 2116 1213 2178 tecum
1241 2112 1544 2178 fraternis
1572 2135 1717 2200 ago,
1762 2115 1975 2179 totum
2001 2117 2076 2178 ut
2105 2112 2415 2189 animum,
2459 2131 2679 2175 curam

277 2213 860 2301 cogitationemque
888 2220 1070 2282 tuam
1096 2237 1299 2302 ponas
1324 2216 1394 2282 in
1425 2216 1716 2311 omnium
1743 2216 1937 2282 laude
1965 2215 2254 2301 undique
2292 2212 2675 2300 colligenda.

280 2315 477 2388 Quod
514 2318 570 2384 si
603 2319 673 2384 in
715 2319 1021 2387 mediocri
1063 2323 1239 2386 statu
1280 2320 1590 2386 sermonis
1634 2342 1709 2386 ac
1749 2318 2241 2406 praedicationis
2282 2322 2537 2383 nostrae
2578 2337 2682 2381 res

280 2425 511 2502 essent,
555 2422 723 2487 nihil
748 2422 863 2489 abs
891 2428 957 2489 te
985 2424 1314 2505 eximium,
1355 2424 1522 2489 nihil
1559 2428 1814 2511 praeter
1842 2422 2118 2489 aliorum
2146 2419 2676 2488 consuetudinem

281 2525 728 2610 postularetur.
827 2527 1025 2595 Nunc
1050 2547 1201 2596 vero
1237 2537 1498 2616 propter
1534 2548 1757 2595 earum
1794 2549 2030 2607 rerum,
2075 2526 2148 2592 in
2175 2524 2410 2613 quibus
2439 2521 2675 2591 versati

281 2649 522 2710 sumus,
568 2631 969 2716 splendorem
1028 2638 1094 2699 et
1141 2632 1678 2720 magnitudinem,
1737 2631 1864 2697 nisi
1918 2652 2237 2696 summam
2280 2628 2540 2694 laudem
2597 2649 2679 2691 ex

279 2731 407 2797 ista
446 2735 774 2820 provincia
815 2737 1243 2824 adsequimur,
1290 2736 1401 2802 vix
1441 2736 1736 2802 videmur
1777 2755 2096 2800 summam
2137 2730 2674 2817 vituperationem

284 2856 466 2920 posse
508 2838 728 2905 vitare.
840 2839 944 2905 Ea
984 2845 1203 2907 nostra
1244 2840 1409 2906 ratio
1453 2844 1568 2920 est,
1638 2844 1714 2905 ut
1762 2860 1983 2905 omnes
2023 2836 2179 2903 boni
2221 2857 2367 2902 cum
2413 2834 2678 2898 faveant

284 2942 431 3005 tum
474 2943 672 3009 etiam
717 2965 972 3010 omnem
1018 2967 1059 3010 a
1102 2942 1286 3011 nobis
1328 2943 1737 3031 diligentiam
1781 2942 2214 3027 virtutemque
2253 2943 2319 3005 et
2355 2937 2681 3024 postulent

286 3050 354 3108 et
391 3052 779 3132 exspectent,
829 3069 1050 3114 omnes
1083 3053 1297 3114 autem
1326 3045 1624 3134 improbi,
1662 3048 1837 3133 quod
1862 3068 2010 3112 cum
2044 3046 2126 3111 iis
2167 3042 2410 3109 bellum
2446 3040 2677 3126 sempi-

284 3151 545 3215 ternum
587 3152 995 3237 suscepimus,
1039 3152 1145 3218 vel
1185 3150 1457 3217 minima
1496 3174 1567 3216 re
1609 3152 1697 3216 ad
1737 3148 2335 3236 reprehendendum
2393 3145 2679 3211 contenti

287 3275 421 3319 esse
450 3255 809 3320 videantur.
899 3257 1004 3321 42.
1054 3254 1203 3327 Qua
1238 3278 1307 3321 re
1341 3254 1649 3342 quoniam
1687 3256 1826 3321 eius
1858 3253 2037 3320 modi
2074 3252 2399 3318 theatrum
2448 3249 2682 3338 [totius

287 3355 518 3445 Asiae]
553 3380 621 3424 es
648 3359 908 3424 sortitus
936 3357 1301 3425 celebritate
1329 3358 1837 3438 refertissimum,
1867 3355 2319 3443 magnitudine
2364 3354 2680 3439 amplissi-

289 3480 489 3537 mum,
528 3461 764 3526 iudicio
801 3462 1319 3541 eruditissimum,
1359 3466 1592 3527 natura
1630 3468 1847 3527 autem
1875 3461 1970 3526 ita
2006 3482 2328 3540 resonans,
2370 3467 2445 3524 ut
2488 3480 2683 3544 usque

291 3562 571 3629 Romam
645 3564 1143 3651 significationes
1198 3588 1506 3651 vocesque
1577 3568 1959 3643 referantur,
2024 3565 2355 3642 contende,
2429 3584 2682 3648 quaeso,

289 3671 484 3753 atque
514 3666 787 3749 elabora,
828 3690 958 3734 non
998 3669 1189 3736 modo
1226 3673 1302 3735 ut
1340 3668 1441 3734 his
1467 3669 1658 3734 rebus
1692 3669 1932 3756 dignus
1967 3667 2182 3749 fuisse,
2223 3668 2336 3733 sed
2376 3667 2572 3731 etiam
2608 3669 2685 3730 ut

291 3770 408 3836 illa
444 3771 663 3837 omnia
706 3770 835 3836 tuis
870 3772 1114 3837 artibus
1140 3794 1469 3858 superasse
1499 3772 1776 3838 videare.

360 3993 440 4041 39.
491 3989 790 4057 iracundiae]
879 3990 961 4041 cf.
1000 3990 1024 4053 §
1060 3996 1140 4050 40,
1181 3995 1437 4056 avarum,
1539 4009 1572 4042 a
1593 3992 1782 4043 vehicla
1803 3993 1860 4043 of
1878 3994 2073 4043 sound.'
2153 3991 2261 4042 The
2282 3990 2538 4055 metaphor
2555 3989 2687 4042 from

297 4059 312 4083 ⁴
334 4054 651 4106 instanoesof
670 4056 931 4121 rapacity.’
1540 4058 1628 4108 the
1671 4058 1863 4108 theatra
1911 4058 1956 4107 is
2001 4057 2104 4108 still
2151 4057 2271 4120 kept
2315 4072 2415 4120 up:
2472 4056 2593 4106 Asia
2645 4055 2690 4107 is

362 4126 417 4169 ut
437 4123 492 4168 in
512 4120 678 4187 mdis]
727 4125 741 4148 ‘
760 4137 815 4170 as
837 4138 868 4171 a
887 4120 1055 4172 choico
1076 4136 1257 4187 among
1277 4121 1433 4173 evils!
1541 4124 1797 4186 compared
1827 4129 1880 4173 to
1910 4138 1943 4173 a
1970 4122 2176 4184 theatro,
2209 4121 2295 4171 the
2326 4121 2543 4171 accustic
2568 4137 2686 4184 pro·

360 4188 441 4235 41.
513 4185 1047 4253 Quodeiinmodioori]
1119 4185 1441 4238 ‘ifourcou·
1541 4188 1723 4252 parties
1754 4188 1811 4237 of
1841 4185 2690 4250 whicharesogoodthatsound

295 4249 417 4300 duct
442 4265 573 4300 were
605 4250 697 4300 but
727 4256 780 4299 to
810 4266 842 4300 a
872 4252 1120 4301 moderate
1151 4252 1326 4317 degree
1357 4251 1443 4301 the
1541 4269 1632 4303 can
1664 4254 1725 4303 be
1753 4250 2143 4303 communicated
2163 4256 2217 4301 to
2248 4268 2278 4300 a
2306 4257 2443 4314 great
2470 4248 2689 4301 distance

294 4313 493 4378 subiect
521 4314 577 4364 of
617 4315 960 4366 conversatien
1001 4317 1098 4366 and
1138 4318 1443 4367 commenda·
1542 4318 1597 4368 in
1619 4318 1677 4368 it.

296 4377 440 4428 tion!
1611 4380 2004 4447 oiqmsscationos]
2053 4380 2135 4432 cf.
2162 4380 2486 4441 ἐπισημασίας
2517 4379 2690 4440 above,

362 4445 444 4493 42.
481 4443 745 4519 theatrum]
801 4443 1047 4496 Cf.'l'usc.
1067 4444 1123 4495 ii.
1148 4448 1228 4508 64,
1252 4445 1448 4496 nullum
1547 4447 1656 4496 Att.
1681 4447 1716 4497 i.
1745 4451 1820 4510 16,
1852 4449 1927 4508 11,
1965 4447 2064 4495 and
2095 4460 2185 4509 pro
2218 4446 2344 4495 Sest-
2384 4447 2491 4504 105,
2517 4449 2689 4507 populi

296 4507 549 4558 theatrum
576 4508 749 4558 virtuti
770 4509 1067 4560 conscientia
1088 4510 1247 4560 maius
1268 4518 1360 4561 est.
1548 4514 1744 4562 iudiciis
1786 4517 1930 4575 atque
1966 4513 2095 4560 omni
2156 4512 2496 4574 siqnlflcatione
2535 4512 2688 4575 flore-

364 4576 438 4624 ita
459 4573 704 4639 resonam]
756 4581 769 4603 ⁸
789 4590 844 4625 so
864 4574 1264 4640 reverberating,’
1296 4581 1310 4605 ⁴
1327 4575 1448 4626 such
1550 4578 1681 4625 bant.
