3229 5145
443 512 451 518 -
525 491 657 554 254
1241 488 1389 551 ΕΡ.
1438 487 1667 551 XXX.
1724 487 1827 570 (Q.
1862 486 2004 552 FB.
2038 487 2099 551 I.
2134 488 2224 571 1.)

525 661 820 749 publicae
848 663 1168 748 praestare
1196 660 1473 725 videare.
1565 657 1979 745 Quamquam
2007 659 2256 747 legatos
2289 658 2488 726 habes
2518 681 2643 740 eos,
2677 658 2790 745 qui
2818 658 2950 746 ipsi

527 788 642 851 per
671 787 735 831 se
773 762 1061 834 habituri
1098 763 1228 828 sint
1267 763 1582 829 rationem
1619 763 1961 850 dignitatis
2001 785 2172 843 suae,
2204 765 2286 829 de
2327 762 2563 849 quibus
2599 762 2843 829 honore
2881 766 2953 830 et

528 868 849 954 dignitate
888 872 953 933 et
993 870 1204 932 aetate
1241 870 1524 951 praestat
1554 864 1832 947 TuberO,
1866 889 2060 952 quem
2090 889 2212 955 ego
2244 865 2538 948 arbitror,
2569 867 2952 953 praesertim

527 994 676 1037 cum
723 969 957 1037 scribat
1005 969 1358 1049 historiam,
1411 969 1650 1035 multos
1694 992 1777 1036 ex
1827 970 1960 1035 suis
2017 968 2363 1036 annalibus
2418 992 2602 1057 posse
2662 970 2952 1056 deligere

492 1156 498 1160 ¹
528 1096 688 1160 quos
716 1074 873 1140 velit
910 1078 977 1139 et
1013 1073 1213 1160 possit
1251 1073 1516 1153 imitari,
1559 1071 1864 1138 Allienus
1891 1076 2124 1138 'autem
2160 1077 2376 1139 noster
2413 1077 2511 1139 est
2550 1096 2698 1138 cum
2729 1074 2952 1139 animo

528 1184 596 1244 et
644 1176 1091 1244 benevolentia
1141 1181 1286 1242 tum
1331 1199 1482 1243 vero
1529 1176 1728 1242 etiam
1777 1176 2141 1243 imitatione
2185 1177 2465 1243 vivendi.
2554 1176 2735 1243 Nam
2787 1177 2953 1262 quid

529 1304 650 1367 ego
679 1283 760 1348 de
791 1279 1088 1346 Gratidio
1123 1280 1334 1346 dicam
1351 1280 1384 1345 Ρ
1427 1301 1623 1365 quem
1662 1283 1834 1346 certo
1872 1279 2000 1346 scio
2035 1281 2131 1345 ita
2168 1278 2458 1346 laborare
2498 1281 2579 1346 de
2618 1281 2949 1346 existimas-

528 1385 706 1451 tione
741 1406 879 1465 sua,
926 1387 1003 1449 ut
1041 1386 1304 1470 propter
1342 1405 1627 1450 amorem
1674 1383 1747 1448 in
1788 1404 1909 1448 nos
1953 1382 2316 1449 fraternum
2358 1383 2557 1449 etiam
2600 1383 2682 1448 de
2725 1386 2954 1449 nostra

527 1488 793 1555 laboret.
874 1489 976 1554 11.
1002 1487 1425 1558 Quaestorem
1454 1486 1653 1553 habes
1681 1507 1816 1552 non
1841 1492 1960 1553 tuo
1988 1486 2227 1552 iudicio
2257 1486 2598 1565 delectum,
2631 1487 2746 1552 sed
2772 1508 2950 1568 eum,

527 1614 721 1677 quem
751 1613 885 1657 sors
913 1591 1111 1657 dedit.
1203 1589 1408 1655 Hunc
1446 1593 1699 1676 oportet
1738 1594 1805 1655 et
1843 1611 1960 1655 sua
1996 1594 2225 1677 sponte
2266 1613 2399 1656 esse
2434 1591 2844 1656 moderatum
2881 1594 2954 1656 et

528 1695 661 1761 tuis
710 1695 1026 1761 institutis
1075 1715 1150 1759 80
1194 1693 1548 1779 praeceptis
1594 1693 2055 1778 obtemperare.
2149 1692 2442 1764 Quorum
2490 1693 2545 1759 si
2588 1694 2733 1779 quis
2778 1692 2953 1760 forte

529 1802 693 1864 esset
731 1797 1065 1876 sordidior,
1109 1796 1310 1863 ferres
1347 1800 1634 1877 eatenus,
1677 1796 1891 1882 quoad
1929 1819 2044 1882 per
2082 1817 2148 1862 se
2187 1796 2561 1883 neglegeret
2603 1819 2711 1862 eas
2748 1798 2953 1883 leges,

529 1900 763 1987 quibus
792 1905 955 1967 esset
992 1900 1308 1980 astrictus,
1339 1923 1472 1967 non
1510 1903 1588 1966 ut
1628 1921 1706 1965 ea
1743 1904 2080 1984 potestate,
2111 1920 2308 1985 quam
2336 1905 2413 1966 tu
2441 1901 2526 1964 ad
2555 1900 2954 1986 dignitatem

527 2004 936 2090 permisisses,
969 2004 1054 2068 ad
1083 2008 1420 2087 quaestum
1448 2007 1756 2069 uteretur.
1845 2002 2079 2089 Neque
2118 2003 2294 2069 enim
2330 2002 2494 2069 mihi
2530 2025 2684 2069 sane
2712 2004 2950 2090 placet,

527 2108 903 2195 praesertim
943 2127 1089 2172 cum
1127 2105 1200 2171 hi
1236 2128 1446 2172 mores
1485 2110 1747 2173 tantum
1783 2106 1915 2171 iam
1957 2107 2042 2171 ad
2078 2106 2351 2172 nimiam
2379 2105 2714 2173 lenitatem
2754 2112 2822 2173 et
2861 2109 2952 2174 ad

529 2210 948 2278 ambitionem
984 2208 1416 2288 incubuerint,
1448 2209 1720 2275 scrutari
1757 2213 1824 2276 te
1865 2231 2084 2275 omnes
2122 2210 2357 2289 sordes,
2399 2215 2693 2276 excutere
2738 2231 2951 2276 unum

529 2336 845 2401 quemque
895 2335 1138 2392 eorum,
1192 2313 1305 2378 sed
1350 2316 1596 2398 quanta
1649 2313 1735 2379 sit
1777 2314 1849 2378 in
1901 2334 2154 2399 quoque
2205 2312 2364 2379 fides
2412 2317 2673 2379 tantum
2717 2312 2953 2399 cuique

530 2419 946 2485 committere.
1054 2416 1275 2501 Atque
1311 2416 1484 2481 inter
1526 2415 1643 2482 hos
1687 2437 1793 2482 008
1837 2438 1996 2502 quos
2041 2415 2163 2481 tibi
2206 2416 2469 2482 comites
2513 2420 2580 2482 et
2622 2416 2954 2484 adiutores

528 2521 937 2609 negotiorum
964 2519 1370 2607 publicorum
1399 2519 1582 2585 dedit
1613 2520 1758 2605 ipsa
1783 2542 1885 2587 res
1912 2519 2195 2607 publica,
2223 2521 2566 2587 dumtaxat
2600 2519 2843 2587 finibus
2868 2520 2953 2589 iis

529 2625 901 2714 praestabis,
935 2647 1094 2711 quos
1124 2628 1274 2690 ante
1303 2623 1700 2710 praescripsi.

656 2729 783 2798 IV.
879 2729 981 2794 12.
1045 2727 1224 2799 Quos
1269 2749 1420 2794 vero
1466 2731 1581 2792 aut
1625 2749 1707 2793 ex
1750 2726 2113 2793 domesticis
2155 2725 2662 2794 convictionibus
2704 2731 2822 2794 aut
2864 2751 2950 2795 03

595 2903 675 2948 10.
703 2896 980 2963 praestare]
1047 2898 1061 2923 ‘
1078 2901 1133 2946 to
1167 2895 1230 2945 be
1263 2895 1567 2960 responsible
1598 2896 1681 2946 for
1781 2896 1889 2946 bias
1923 2895 2012 2946 the
2040 2902 2237 2959 present
2269 2900 2396 2946 state
2426 2895 2481 2945 of
2515 2894 2705 2960 society
2735 2895 2827 2947 1188
2859 2903 2941 2948 to-

526 2963 594 3014 all
628 2978 756 3028 your
791 2962 922 3020 staff,
964 2968 1016 3011 to
1053 2961 1140 3011 the
1173 2961 1328 3021 allice,
1366 2960 1452 3011 the
1485 2960 1682 3011 Roman
1781 2961 1944 3011 wards
1973 2963 2141 3011 undue
2162 2960 2325 3026 laxity
2346 2961 2402 3009 of
2422 2959 2663 3024 principle
2694 2963 2795 3011 and
2819 2963 2944 3013 sslf-

524 3028 832 3078 inhabitants
884 3026 941 3076 of
993 3025 1079 3075 the
1133 3026 1383 3089 province,
1441 3027 1540 3077 and
1592 3026 1681 3076 the
1781 3024 2021 3090 8001111133
2092 3025 2303 3076 Β81101’8
2332 3028 2629 3091 conjecture,
2673 3028 2859 3089 levitas,
2897 3028 2944 3078 is

529 3092 706 3143 State!
1780 3091 1998 3157 rejecoed
2030 3090 2100 3155 by
2132 3090 2316 3148 Klotz;
2363 3093 2531 3139 levitas
2564 3090 2731 3140 would
2763 3092 2826 3141 be
2858 3108 2940 3143 re-

595 3154 801 3221 I'uboro]
880 3154 942 3205 L.
967 3153 1139 3204 Aelius
1177 3153 1373 3205 Tubero
1415 3154 1459 3204 is
1501 3153 1680 3220 highly
1779 3154 2091 3220 prehensible
2123 3171 2249 3205 even
2281 3155 2472 3218 though
2503 3160 2593 3204 not
2624 3157 2778 3204 nimia
2798 3172 2819 3206 .·
2866 3157 2936 3208 αἱ.

525 3221 712 3285 spoken
744 3223 803 3270 of
838 3236 893 3271 as
928 3236 958 3269 a
996 3220 1199 3283 liter-ary
1233 3236 1351 3269 man
1382 3219 1451 3284 by
1485 3218 1675 3270 Cicero.
1781 3220 1912 3271 Geli.
1938 3220 2008 3269 xi.
2039 3222 2115 3284 18,
2145 3223 2191 3278 8,
2219 3221 2415 3269 remissa
2436 3221 2584 3268 nimis
2608 3222 2795 3269 lenitas.

525 3286 591 3335 In
604 3302 699 3347 pro
722 3287 888 3335 Plano.
921 3288 1027 3344 100,
1055 3283 1225 3334 Cicero
1247 3285 1367 3334 calls
1393 3283 1500 3333 him
1525 3300 1677 3333 110008-
1843 3284 2079 3360 exoutero]
2162 3289 2176 3313 ‘
2193 3290 2247 3334 to
2279 3289 2398 3334 turn
2429 3284 2589 3334 inside
2621 3285 2744 3346 out,'
2788 3289 2803 3313 ‘
2819 3285 2939 3338 tho-

524 3354 683 3400 san-ius
703 3366 848 3399 meus.
1777 3350 1996 3425 roughly
2028 3349 2120 3400 ast
2153 3351 2253 3399 and
2290 3348 2551 3399 0381111110.Ι
2622 3349 2729 3399 The
2775 3357 2938 3402 meta-

588 3413 841 3480 Allienus]
907 3412 971 3463 A.
997 3412 1225 3463 Allienus
1254 3429 1357 3464 was
1385 3412 1678 3463 afterwards
1776 3414 1902 3477 phor
1957 3431 2001 3464 18
2047 3414 2198 3464 taken
2252 3413 2384 3464 from
2438 3413 2653 3477 shaking
2707 3421 2798 3464 out
2850 3416 2941 3467 the

557 3486 733 3539 raetor,
783 3479 876 3530 705
922 3478 991 3541 (b.
1013 3494 1056 3527 c.
1115 3481 1217 3540 49),
1276 3479 1375 3528 and
1428 3478 1690 3546 govemed·
1777 3485 2027 3542 garments
2050 3485 2102 3529 to
2122 3479 2240 3530 look
2259 3478 2342 3529 for
2362 3479 2624 3529 concealed
2646 3485 2899 3545 property.

562 3543 683 3608 icily
721 3559 776 3593 as
818 3542 1094 3607 proconsul,
1138 3543 1231 3594 708
1269 3543 1337 3606 (b.
1355 3558 1398 3592 0.
1425 3543 1531 3606 46).
1601 3542 1676 3592 Το
1806 3597 1814 3606 ‚
1840 3559 1955 3605 quos
1977 3545 2068 3592 tibi
2090 3543 2302 3619 comites]
2353 3551 2366 3572 ‘
2386 3544 2472 3594 the
2495 3544 2814 3607 companions
2835 3547 2938 3596 and

522 3609 629 3658 him
660 3624 743 3658 810
775 3609 1034 3657 addressed
1059 3607 1197 3656 Fam.
1223 3607 1331 3656 xiii.
1358 3610 1437 3669 78,
1461 3609 1541 3659 79.
1775 3607 2032 3657 assistants
2069 3607 2124 3658 in
2163 3608 2334 3672 public
2375 3608 2602 3658 business
2637 3608 2806 3659 which
2846 3610 2937 3662 1110

592 3675 818 3724 Gratidio
911 3672 986 3721 M.
1008 3671 1258 3721 Gratidius
1288 3674 1345 3721 of
1365 3671 1611 3734 Arpinum
1631 3670 1676 3720 is
1777 3671 1917 3722 State
1939 3673 2030 3722 1188
2050 3673 2202 3736 given
2225 3689 2327 3737 you
2349 3689 2454 3739 you
2468 3672 2680 3723 mustbe
2703 3689 2934 3737 respons-

522 3739 806 3788 mentioned
861 3753 896 3802 y
912 3737 1097 3798 Cicero,
1116 3736 1259 3785 Brut.
1285 3739 1393 3796 168,
1417 3735 1494 3785 De
1512 3735 1669 3799 Legg.
1773 3735 1872 3786 ible
1892 3736 1988 3797 for,
2013 3744 2066 3787 at
2088 3754 2153 3788 an
2205 3745 2324 3796 rate,
2343 3738 2524 3788 within
2539 3739 2625 3788 the
2647 3737 2804 3788 11111118
2825 3739 2939 3803 just

522 3803 595 3853 111.
624 3805 704 3853 36.
774 3802 858 3852 He
880 3817 981 3850 was
1010 3800 1096 3850 the
1125 3800 1325 3850 brother
1346 3801 1402 3850 of
1428 3799 1670 3859 Gratidia‚
1772 3800 1875 3850 laid
1918 3801 2092 3851 down'
2199 3819 2327 3852 erres
2368 3812 2557 3853 eatenus
2607 3805 2765 3866 quoad
2803 3840 2817 3854 .
2860 3841 2876 3853 .
2921 3843 2934 3854 .

524 3867 740 3943 Cicero’s
762 3864 1125 3930 grandmother.
1187 3864 1244 3913 11·
1261 3864 1489 3921 Quintus¹
1511 3865 1673 3928 legate
1773 3866 2027 3930 uteretur).
2191 3883 2273 3917 ese
2312 3872 2498 3917 comites
2537 3883 2668 3917 were
2701 3867 2806 3919 like
2840 3884 2937 3920 0111·

521 3949 624 3982 was
652 3932 755 3982 11118
782 3931 944 3981 man’s
973 3930 1230 3994 grandson,
1264 3929 1328 3979 he
1357 3928 1522 3978 would
1551 3928 1612 3978 be
1643 3945 1674 3978 a
1773 3929 1982 3979 attach&
1994 3946 2050 3979 or
2064 3931 2345 3982 secretaries
2361 3932 2417 3982 of
2432 3931 2665 3996 legation.
2705 3931 2936 3985 Catullus

521 3996 693 4047 cousin
724 3997 782 4046 of
807 3995 994 4046 Cicero.
1062 3993 1236 4043 Hence
1268 4009 1471 4042 amorem
1503 3994 1557 4042 in
1588 4009 1675 4042 nos
1775 4010 1877 4044 was
1915 4010 2059 4044 comos
2100 4002 2154 4045 to
2190 3997 2471 4046 Memmius.
2563 3999 2655 4047 See
2693 3997 2936 4050 Amold's

506 4063 805 4125 fraternum,
837 4065 851 4089 ‘
867 4057 1127 4123 cousinly.’
1199 4057 1265 4107 So
1294 4073 1428 4107 soror
1457 4057 1502 4107 is
1533 4056 1676 4108 often
1775 4060 1960 4109 Roman
1981 4062 2259 4110 Provincial
2276 4063 2709 4123 Administration,
2746 4078 2798 4125 p.
2826 4065 2908 4113 59.

526 4130 539 4154 ‘
558 4126 739 4176 female
761 4124 972 4176 cousin.'
1751 4169 1762 4177 .
1844 4127 1923 4173 12.
1986 4126 2108 4182 Quos
2150 4126 2281 4190 vero]
2371 4130 2386 4153 ‘
2413 4125 2515 4176 But
2557 4142 2684 4190 your
2736 4127 2934 4190 private

588 4194 662 4239 ica
686 4228 698 4240 .
726 4226 739 4239 .
770 4227 782 4239 .
808 4189 887 4251 ut]
957 4186 1049 4237 See
1072 4185 1286 4247 Introd.,
1311 4201 1363 4249 p.
1388 4187 1469 4236 65.
1772 4187 1962 4238 friends
1990 4190 2090 4239 and
2118 4205 2245 4255 your
2274 4189 2393 4241 staff
2420 4190 2476 4239 of
2506 4190 2730 4253 persona]
2759 4197 2929 4242 atten-

592 4259 670 4305 11.
706 4251 967 4318 sordidior]
1028 4253 1043 4278 ‘
1058 4267 1089 4301 a
1106 4251 1213 4300 blot
1233 4266 1299 4300 on
1321 4266 1447 4315 your
1462 4265 1673 4314 30170111-
1774 4253 1935 4316 dants,
1995 4257 2149 4304 whom
2190 4271 2287 4318 you
2342 4256 2457 4304 have
2502 4257 2667 4304 01108011
2709 4259 2940 4321 your-uls

521 4319 709 4369 ment?
745 4318 814 4368 cf.
848 4318 954 4367 Att.
979 4332 1028 4366 v.
1058 4318 1138 4376 21,
1170 4316 1217 4375 5,
1249 4316 1340 4364 has
1367 4332 1399 4364 a
1426 4322 1587 4364 nostro
1614 4317 1671 4374 Q.
1778 4318 1920 4381 (such
1950 4334 2004 4367 as
2036 4318 2222 4382 lictors,
2261 4320 2458 4380 scribes,
2485 4320 2649 4381 criers,
2675 4320 2786 4381 ἄτα,
2815 4321 2934 4372 who

528 4385 709 4432 Titinio
731 4383 888 4431 sordes
908 4383 1182 4442 accepimus.
1774 4398 1857 4431 are
1878 4381 2169 4433 afterwards
2189 4385 2376 4449 spoken
2396 4384 2617 4447 of)—for
2636 4383 2778 4434 these
2800 4400 2933 4449 your

578 4463 672 4509 per
692 4447 761 4536 se]
829 4450 842 4474 ‘
858 4447 914 4495 in
934 4445 1014 4495 his
1033 4444 1226 4509 private
1246 4444 1490 4512 capacity,
1523 4447 1537 4472 ‘
1550 4460 1666 4510 per-
1771 4447 2140 4521 responsibility
2168 4448 2212 4500 is
2247 4448 2567 4515 wider-you
2601 4464 2684 4498 are
2721 4464 2801 4500 108
2869 4467 2929 4501 11-

519 4512 731 4576 sonally.
1772 4511 1895 4561 811110
1937 4512 2020 4562 for
2059 4512 2192 4565 their
2237 4515 2396 4564 words
2438 4531 2494 4564 88
2537 4514 2653 4564 well
2695 4529 2751 4565 as
2887 4514 2900 4527 ⁸

585 4593 691 4626 cum
734 4577 791 4624 111·
831 4572 1002 4641 mores]
1071 4580 1087 4604 ‘
1102 4574 1412 4641 consider-ing
1453 4574 1591 4629 what
1641 4591 1673 4627 a
1773 4577 2025 4627 conduct.’
