3229 5145
529 459 658 525 250
1244 462 1392 526 ΕΡ.
1442 462 1673 527 xxx.
1727 462 1836 549 (Q.
1867 463 2008 529 FB.
2040 462 2102 528 I.
2137 463 2227 546 1.)

846 848 1080 915 XXX.
1171 847 1289 915 ΤΟ
1335 847 1786 931 QUINTUS,
1833 870 1911 915 m
1954 848 2129 916 Asu
2181 849 2289 935 (Q.
2322 848 2448 915 Fa.
2483 870 2528 915 1.
2566 850 2645 936 1).

1002 1091 1209 1150 nous,
1256 1091 1320 1135 Α.
1355 1092 1423 1136 υ.
1458 1093 1510 1135 c.
1545 1089 1681 1150 6943
1730 1090 1792 1137 s.
1827 1090 1882 1137 o.
1915 1088 2015 1150 θος
2061 1091 2212 1135 aar.
2246 1091 2368 1137 οιο.
2398 1090 2483 1137 46.

632 1288 758 1340 Cum
792 1288 854 1346 Q.
879 1289 1049 1341 Cicero
1079 1289 1180 1340 iam
1210 1305 1300 1353 per
1327 1290 1427 1340 duo
1455 1304 1610 1340 annos
1647 1287 1819 1340 Asiam
1850 1289 2159 1353 provinciam
2189 1305 2280 1354 pro
2311 1294 2535 1354 praetore
2564 1288 2962 1341 administnssst

533 1369 739 1436 eiusque
767 1370 1204 1421 administrationis
1226 1370 1365 1421 fama
1398 1369 1565 1420 minus
1594 1371 1811 1423 secunda
1831 1386 1937 1422 esse
1958 1370 2226 1434 videretur,
2254 1370 2326 1421 M.
2357 1370 2528 1422 Cicero
2555 1370 2651 1422 hac
2679 1370 2792 1436 ipsa
2819 1370 2958 1435 epis·

533 1451 650 1511 tola,
677 1468 775 1517 qua
794 1452 843 1503 ei
862 1452 918 1502 in
939 1453 1141 1502 tertium
1163 1451 1265 1503 iam
1290 1468 1478 1502 annum
1507 1451 1772 1516 imperium
1800 1460 2117 1516 prorogatum
2144 1469 2250 1503 esse
2277 1454 2493 1515 nuntiat,
2514 1468 2630 1502 eum
2651 1452 2958 1511 cohortatur,

535 1537 594 1584 ut
624 1532 787 1584 famae
813 1548 935 1584 suae
964 1533 1189 1584 consulat
1216 1533 1394 1598 magis.
1466 1532 1585 1597 Ipsa
1610 1538 1779 1583 autem
1807 1532 1882 1583 M.
1903 1532 2154 1585 Ciceronis
2176 1534 2333 1584 oratio
2361 1534 2551 1584 duabus
2580 1534 2808 1598 partibus
2837 1550 2958 1586 con-

535 1619 647 1673 stat,
674 1631 883 1679 quarum
914 1614 1046 1678 prior
1077 1614 1292 1679 pertinet
1319 1616 1382 1664 ad
1411 1629 1513 1665 rem
1544 1613 1795 1677 publicam
1815 1621 1967 1679 atque
1997 1615 2061 1664 ad
2089 1614 2254 1678 ipsum
2277 1613 2339 1671 Q.
2357 1615 2523 1665 fratris
2548 1615 2830 1679 imperium,
2858 1632 2960 1681 qua

534 1694 584 1746 ei
618 1695 873 1760 prwcipin
911 1701 970 1746 ut
1007 1702 1059 1746 et
1101 1695 1207 1760 ipse
1245 1712 1486 1746 summam
1521 1694 1860 1760 integritatem
1893 1701 1945 1746 et
1979 1694 2336 1745 continentiam
2368 1696 2601 1747 adhibeat
2632 1705 2685 1747 et
2714 1697 2958 1748 comitum

534 1776 758 1827 omnium
788 1793 989 1827 suorum
1018 1778 1309 1828 modestiam
1337 1782 1554 1842 praestet
1587 1784 1642 1826 et
1669 1777 1725 1826 in
1753 1774 2180 1827 familiaritatibus
2210 1776 2467 1827 hominum
2494 1777 2879 1841 provincialium
2907 1784 2962 1828 et

537 1857 835 1909 Graecorum
865 1859 1138 1923 deligendis
1171 1874 1365 1908 summa
1395 1857 1625 1908 cautione
1658 1863 1829 1907 utatur
1855 1864 1907 1908 et
1935 1873 2140 1921 gravem
2172 1857 2324 1907 etiam
2356 1874 2611 1908 servorum
2641 1858 2959 1923 disciplinam

535 1939 774 2003 obtineat,
816 1940 972 1990 altera
1005 1946 1194 2003 spectat
1228 1942 1291 1990 ad
1327 1939 1485 2004 ipsius
1526 1938 1587 1995 Q.
1623 1939 1795 1989 fratris
1831 1938 2048 1989 officium
2081 1944 2233 2003 atque
2271 1938 2649 2000 humanitatem,
2694 1956 2798 2004 qua
2839 1955 2959 1991 eum

537 2020 854 2071 vehementer
887 2021 1189 2084 adhortatur,
1228 2028 1290 2072 ut
1317 2020 1372 2071 in
1410 2020 1668 2086 suppliciis
1701 2020 1954 2070 sumendis
1987 2020 2307 2071 acerbitatem
2341 2022 2618 2072 moderetur
2637 2027 2690 2071 et
2710 2038 2959 2072 summam

536 2101 591 2152 in
625 2102 734 2152 iure
767 2101 982 2153 dicundo
1017 2102 1418 2168 aequabilitatem
1461 2102 1687 2161 retineat,
1734 2117 1884 2152 onera
1928 2101 2212 2165 provinciae
2255 2102 2483 2152 sublevet
2527 2107 2854 2168 sumptusque
2896 2119 2958 2153 ac

536 2182 752 2233 iacturas
786 2183 998 2246 minuat,
1039 2183 1194 2234 socios
1233 2200 1349 2233 cum
1381 2183 1762 2251 publicanorum
1800 2184 1971 2234 ordine
2014 2183 2245 2235 conciliet
2288 2184 2655 2250 constituatque
2697 2184 2832 2236 inter
2872 2200 2962 2236 eoa

536 2266 861 2328 concordiam,
898 2266 1205 2317 iracundiam
1237 2281 1380 2316 suam
1411 2265 1665 2317 contineat
1696 2281 1754 2316 ac
1787 2271 1995 2316 naturae
2027 2265 2271 2329 impetum
2303 2265 2552 2329 reprimat.

1298 2479 1597 2535 MARCUS
1634 2479 1702 2539 Q..
1730 2474 2010 2535 FRATRI
2046 2479 2200 2534 SAL.

672 2635 735 2702 I.
828 2637 889 2701 1.
935 2635 1084 2702 Etsi
1122 2659 1255 2703 non
1291 2634 1671 2702 dubitabam
1711 2634 1872 2722 quin
1909 2634 2079 2701 hanc
2118 2634 2454 2721 epistolam
2494 2634 2687 2701 multi
2714 2636 2959 2718 nuntii,

540 2738 718 2806 fama
763 2741 1042 2826 denique
1085 2744 1248 2807 esset
1293 2741 1434 2827 ipsa
1478 2762 1596 2805 sua
1640 2740 1966 2806 celeritate
2015 2746 2394 2824 superatura
2436 2744 2638 2824 tuque
2678 2743 2833 2806 ante
2875 2739 2964 2807 ab

540 2843 685 2908 aliis
727 2844 1067 2909 auditurus
1104 2866 1270 2909 esses
1309 2866 1555 2910 annum
1595 2843 1863 2910 tertium
1903 2842 2230 2909 accessisse
2276 2841 2591 2909 desiderio
2635 2847 2857 2909 nostro
2892 2847 2960 2909 et

539 2945 745 3012 labori
787 2950 922 3027 tuo,
969 2950 1188 3012 tamen
1239 2946 1605 3013 existimavi
1658 2969 1700 3012 a
1750 2968 1856 3012 me
1903 2967 2157 3032 quoque
2208 2943 2332 3010 tibi
2383 2944 2578 3011 huius
2626 2946 2962 3013 molestiae

540 3049 846 3115 nuntium
892 3050 1162 3137 perferri
1214 3054 1521 3136 oportere.
1612 3049 1793 3117 Nam
1844 3046 2278 3135 superioribus
2323 3047 2558 3114 litteris
2609 3071 2743 3115 non
2787 3050 2958 3128 unis,

540 3153 653 3218 sed
680 3152 993 3239 pluribus,
1025 3176 1171 3219 cum
1210 3154 1342 3219 iam
1383 3154 1465 3219 ab
1500 3153 1647 3220 aliis
1687 3155 2024 3238 desperata
2064 3164 2167 3216 ms
2205 3155 2388 3230 esset,
2417 3156 2638 3217 tamen
2676 3151 2800 3218 tibi
2834 3175 2962 3240 ego

540 3277 719 3341 spem
755 3264 1047 3322 maturae
1085 3257 1462 3323 decessionis
1495 3257 1889 3335 adferebam,
1932 3278 2067 3322 non
2109 3255 2318 3320 solum
2361 3260 2436 3321 ut
2478 3277 2674 3341 quam
2720 3256 2960 3323 diutis-

541 3359 700 3424 sime
739 3364 804 3425 te
844 3360 1128 3425 iucunda
1172 3360 1474 3446 opinione
1512 3360 1918 3440 oblectarem,
1965 3360 2075 3426 sed
2116 3359 2313 3425 etiam
2354 3359 2509 3445 quia
2546 3363 2733 3426 tanta
2770 3359 2960 3426 adhi-

541 3459 814 3528 bebatur
842 3466 908 3528 et
945 3485 987 3528 a
1024 3463 1209 3529 nobis
1247 3469 1313 3529 et
1352 3487 1392 3529 a
1429 3463 1831 3551 praetoribus
1869 3463 2215 3542 eontentio,
2245 3469 2323 3528 ut
2351 3485 2489 3528 rem
2518 3485 2699 3549 posse
2730 3463 2962 3531 confici

608 3698 777 3749 XXX.
783 3698 807 3764 ]
877 3697 998 3748 This
1019 3698 1209 3749 letter
1194 3716 1238 3749 is
1264 3700 1449 3776 closely
1470 3699 1698 3751 imitated
1798 3700 2002 3764 already
2014 3704 2118 3749 two
2130 3713 2274 3763 years
2291 3713 2536 3762 governor
2548 3698 2604 3749 of
2623 3697 2747 3748 Asia
2766 3715 2821 3749 ss
2842 3713 2958 3763 pro·

543 3763 851 3829 throughout
872 3764 940 3831 by
963 3764 1130 3830 Pliny,
1156 3764 1286 3829 Epp.
1314 3765 1421 3814 viii.
1451 3769 1531 3816 24.
1797 3771 2009 3829 praetor.
2080 3763 2226 3813 Since
2256 3762 2336 3812 his
2365 3769 2541 3813 tenure
2574 3763 2630 3813 of
2666 3779 2837 3828 power
2868 3765 2963 3816 has

1797 3845 1911 3880 now
1931 3830 2058 3879 been
2080 3828 2322 3905 extended
2345 3834 2397 3877 to
2419 3845 2449 3878 a
2469 3828 2604 3877 third
2628 3844 2762 3893 year,
2785 3828 2964 3881 Cicero

612 3896 656 3942 1.
692 3895 1015 3957 nuntiisama
1035 3895 1271 3956 donique.
1364 3898 1422 3943 ,i
1418 3894 1533 3960 psa]
1600 3893 1697 3943 Er·
1797 3894 1941 3944 takes
1963 3892 2187 3944 occasion
2207 3900 2262 3943 to
2279 3908 2417 3942 warn
2438 3893 2518 3942 his
2540 3893 2739 3943 brother
2759 3895 2962 3957 against

542 3958 673 4008 nesti
701 3974 935 4022 supposes
964 3974 1097 4009 some
1121 3959 1281 4009 words
1307 3931 1377 4009 ιο
1389 3959 1517 4009 have
1539 3958 1697 4009 fallen
1797 3958 1878 4008 his
1910 3958 2157 4022 besetting
2192 3957 2287 4019 sin,
2327 3960 2426 4007 and
2459 3958 2581 4022 begs
2614 3957 2721 4007 him
2751 3964 2807 4008 to
2837 3965 2962 4010 turn

543 4029 648 4084 out,
672 4039 728 4074 as
755 4026 950 4086 denique
979 4023 1270 4088 generally
1256 4041 1308 4073 ιιι
1333 4024 1503 4074 Cicero
1524 4023 1698 4074 ushers
1798 4023 1901 4073 this
1923 4023 2230 4073 unwelcome
2251 4023 2598 4087 prolongation
2619 4023 2675 4073 of
2694 4022 2835 4073 office
2849 4024 2964 4075 ιιιιο

542 4087 597 4137 ιιι
627 4088 712 4138 the
741 4089 839 4138 last
872 4097 998 4139 term
1032 4088 1088 4138 of
1115 4104 1147 4138 a
1175 4089 1341 4150 series,
1374 4088 1553 4165 hardly
1581 4104 1700 4139 ever
1798 4104 1829 4138 a
1850 4087 2036 4137 blessin
2121 4088 2154 4138 b
2221 4039 2424 4151 making
2453 4088 2533 4136 his
2567 4088 2664 4137 last
2695 4103 2817 4152 year
2849 4104 2960 4138 me·

542 4153 829 4229 consisting
845 4153 901 4203 of
931 4154 1027 4203 less
1059 4152 1182 4203 than
1213 4153 1353 4204 three
1386 4155 1560 4213 items3
1604 4153 1700 4204 but
1799 4152 2017 4203 morable
2037 4103 2120 4201 ἔοι
2197 4168 2225 4201 e
2246 4152 2523 4202 excellence
2552 4152 2609 4202 of
2636 4151 2716 4201 his
2738 4167 2958 4217 govern-

545 4233 621 4268 we
652 4218 781 4268 have
813 4218 868 4267 ιιι
902 4218 1027 4281 Rep.
1054 4217 1109 4267 ιι.
1142 4221 1222 4279 49,
1248 4221 1334 4280 qui
1356 4219 1450 4266 sibi
1471 4234 1575 4267 cum
1596 4220 1700 4267 suis
1798 4223 1956 4268 ment.
2025 4217 2133 4267 The
2166 4216 2414 4281 besetting
2436 4216 2514 4265 sin
2537 4217 2592 4267 of
2614 4216 2833 4273 Quintus
2857 4234 2964 4269 was

543 4283 738 4343 civibus,
775 4286 859 4345 qui
893 4286 1091 4345 denique
1133 4299 1237 4332 eum
1279 4285 1407 4332 omni
1452 4284 1700 4332 hominum
1799 4282 2051 4333 excessive
2072 4280 2379 4346 irritability.
2444 4282 2544 4332 For
2559 4298 2590 4331 a
2591 4281 2782 4395 isltetch
2803 4282 2860 4333 of
2881 4283 2963 4334 his

538 4362 706 4409 φησιν
727 4350 944 4396 nullam·
927 4351 1052 4396 turis
1067 4350 1429 4397 communionem
1445 4349 1576 4396 velit.
1629 4347 1697 4397 So
1799 4346 2070 4407 character,
2096 4362 2178 4396 see
2201 4346 2565 4408 Introduction,
2591 4347 2680 4411 1.§
2707 4350 2755 4397 2.

544 4412 854 4473 nemobonus
880 4414 1171 4475 nennoden
1174 4415 1390 4471 nocivis,
1414 4427 1487 4488 qr.
1513 4411 1696 4462 inPis.
1864 4410 2250 4475 apraetoribus]
2315 4411 2965 4465 whowishedtohavea

543 4477 638 4525 45:
674 4475 756 4525 for
775 4476 862 4527 the
881 4480 1145 4540 sencinum,
1122 4430 1241 4526 'qu
1270 4477 1408 4527 Fam.
1433 4477 1487 4526 ιι.
1516 4480 1562 4539 8,
1594 4481 1641 4525 1.
1799 4476 2075 4540 provincial
2097 4484 2421 4552 government
2440 4483 2622 4526 vacant
2644 4476 2701 4526 ιιι
2720 4476 2808 4527 the
2830 4477 2964 4542 hope

609 4556 788 4590 annum
844 4540 1066 4606 tertium]
1156 4541 1376 4598 Quintus
1424 4541 1524 4592 had
1571 4542 1700 4592 been
1798 4541 1911 4592 that
1932 4542 2054 4607 they
2076 4540 2240 4605 might
2266 4541 2563 4593 themselves
2587 4542 2647 4592 be
2668 4542 2959 4607 appointed.
