3229 5145
933 462 1080 525 ΕΡ.
1128 462 1504 527 LXXXII.
1553 460 1798 543 (ΕΔΜ.
1845 464 2047 533 XIV.
2096 467 2185 551 1.)
2619 468 2745 534 391

482 865 855 934 LXXXII.
944 865 1061 933 To
1106 866 1271 935 HIS
1314 868 1692 937 FAMILY
1733 892 1811 937 m
1857 870 2062 939 Roun
2108 873 2311 958 (Flu.
2345 895 2487 940 ΧΠ.
2526 875 2602 959 ι).

684 1094 1156 1153 Βιιιιιᾼοιιιῐιιιι,
1187 1094 1251 1138 Α.
1285 1094 1351 1139 U.
1390 1095 1445 1140 c.
1479 1095 1616 1155 Βοῦς
1662 1095 1723 1141 Β.
1758 1097 1812 1142 c.
1846 1095 1947 1157 583
1995 1098 2141 1142 ΛΒΤ.
2175 1099 2294 1144 010.
2325 1098 2410 1145 48.

442 1277 613 1329 Oioero
633 1277 891 1329 Terentiae
912 1276 1055 1328 uxofi
1077 1276 1250 1328 soribit
1273 1277 1334 1327 «ιο
1362 1257 1657 1329 calamitatis
1683 1294 1802 1330 snae
1822 1279 2180 1344 magnitudine,
2206 1282 2267 1331 (ιο
2289 1297 2374 1345 spe
2395 1281 2739 1347 restitutione,

345 1360 407 1410 de
425 1358 635 1418 familia,
659 1360 720 1410 de
743 1358 835 1409 Cn.
862 1358 1053 1409 Plancii
1073 1357 1262 1422 officiis,
1282 1361 1343 1410 de
1367 1358 1425 1409 C.
1450 1360 1644 1411 Pisonis
1672 1361 1996 1424 humanitate,
2034 1363 2095 1413 de
2125 1363 2470 1427 componendis
2491 1363 2745 1416 discordiis

344 1441 637 1504 domesticis,
662 1442 723 1492 de
744 1443 858 1491 dote
878 1440 1148 1503 retinenda,
1174 1441 1234 1490 de
1254 1439 1445 1492 itineris
1466 1442 1545 1492 sui
1566 1442 1860 1494 rationibus.

501 1640 817 1696 TULLIUS
848 1638 1270 1694 TERENTIAE
1305 1638 1515 1706 SUAE,
1555 1639 1970 1695 TULLIOLAE
2008 1641 2215 1707 SUAE,
2255 1641 2600 1698 CICERONI

1367 1727 1502 1782 SUO
1540 1729 1592 1782 S.
1635 1728 1703 1782 D.

469 1870 528 1934 1.
574 1868 669 1934 Et
705 1868 936 1934 litteris
980 1868 1333 1933 multorum
1371 1871 1437 1932 et
1479 1888 1766 1933 sermone
1806 1869 2094 1934 omnium
2131 1868 2451 1955 perfertur
2491 1869 2575 1933 ad
2610 1891 2733 1949 me,

337 1971 775 2039 incredibilem
812 1976 995 2038 tuam
1023 1971 1327 2037 virtutem
1366 1975 1432 2036 et
1471 1970 1918 2037 fortitudinem
1962 1994 2095 2038 esse
2137 1978 2327 2058 teque
2369 1993 2488 2038 nee
2529 1972 2734 2038 animi

336 2096 543 2162 neque
573 2076 848 2162 eorporis
875 2073 1201 2141 laboribus
1230 2073 1596 2159 defatigari.
1688 2074 1801 2140 Me
1835 2075 2177 2141 miserum!
2225 2080 2292 2141 te
2319 2074 2447 2141 ista
2474 2075 2732 2157 virtute,

336 2178 482 2258 fide,
527 2178 865 2265 probitate,
911 2178 1314 2243 humanitate
1358 2176 1429 2241 in
1474 2181 1693 2243 tantas
1742 2200 2081 2244 aerumnas
2126 2183 2386 2265 propter
2425 2199 2530 2243 me
2571 2177 2732 2245 inci-

334 2281 541 2348 disse!
648 2281 1122 2367 Tulliolamque
1172 2284 1477 2361 nostram,
1538 2302 1622 2345 ex
1683 2303 1811 2367 quo
1867 2287 2050 2365 patre
2108 2286 2324 2347 tantas
2375 2281 2735 2367 voluptates

332 2384 642 2472 capiebat,
672 2408 754 2451 ex
792 2408 867 2452 eo
905 2389 1120 2450 tantos
1156 2383 1475 2470 percipere
1514 2384 1762 2450 luctus!
1855 2383 2034 2449 Nam
2075 2385 2231 2470 quid
2270 2406 2390 2471 ego
2431 2385 2512 2449 de
2554 2383 2730 2451 Oiee-

331 2510 485 2555 rone
523 2491 733 2557 dicam
752 2490 785 2555 9
829 2489 942 2576 qui
983 2511 1129 2554 eum
1165 2487 1446 2575 primum
1486 2509 1707 2576 sapere
1747 2489 1975 2575 eoepit,
2017 2487 2448 2554 acerbissimos
2482 2488 2733 2555 dolores

330 2593 740 2680 miseriasque
776 2594 1077 2680 percepit.
1169 2590 1354 2664 Quae
1397 2591 1471 2670 si,
1511 2595 1589 2658 tu
1627 2598 1705 2657 ut
1745 2591 1984 2673 scribis,
2026 2592 2164 2659 fato
2202 2592 2374 2659 faeta
2411 2596 2727 2678 putarem,

332 2695 562 2762 ferrem
606 2698 824 2784 paullo
869 2697 1140 2776 facilius,
1182 2696 1294 2761 sed
1333 2695 1550 2760 omnia
1592 2698 1747 2762 sunt
1787 2717 1933 2762 mea
1977 2696 2166 2782 eulpa
2218 2697 2569 2777 commissa,
2615 2696 2730 2781 qui

329 2796 409 2864 ab
451 2798 534 2864 iis
568 2822 670 2865 me
710 2800 914 2865 amari
951 2799 1281 2886 putabam,
1322 2799 1435 2884 qui
1476 2798 1873 2880 invidebant,
1916 2821 2024 2866 eos
2067 2822 2199 2865 non
2241 2797 2568 2885 sequebar,
2614 2799 2729 2883 qui

325 2900 647 2987 petebant.
738 2905 800 2966 2.
858 2903 1050 2974 Quod
1100 2903 1156 2968 si
1204 2903 1438 2967 nostris
1489 2902 1767 2968 consiliis
1816 2903 1919 2969 usi
1969 2925 2247 2969 essemus
2291 2926 2499 2989 neque
2550 2902 2728 2988 apud

325 3026 442 3071 nos
464 3009 721 3072 tantum
751 3006 1054 3072 valuisset
1089 3028 1292 3072 sermo
1333 3011 1445 3072 aut·
1483 3007 1829 3073 stultorum
1868 3008 2217 3074 amicorum
2256 3013 2370 3072 aut
2402 3005 2722 3093 improbo-

324 3130 490 3189 rum,
535 3108 886 3176 beatissimi
931 3109 1308 3176 viveremus.
1411 3108 1628 3189 Nune,
1688 3111 1992 3196 quoniam
2050 3133 2301 3197 sperare
2358 3132 2477 3175 nos
2532 3110 2724 3177 amici

323 3211 567 3292 iubent,
600 3211 766 3278 dabo
796 3235 1054 3299 operam
1083 3236 1166 3278 ne
1196 3236 1338 3279 mea
1360 3214 1665 3279 valetudo
1694 3217 1808 3280 tuo
1836 3212 2042 3280 labori
2063 3214 2247 3280 desit.
2324 3213 2455 3280 Res
2477 3221 2724 3300 quanta

322 3314 407 3381 sit
449 3315 758 3402 intellego
801 3323 1169 3401 quantoque
1214 3317 1412 3382 fuerit
1454 3316 1709 3383 facilius
1751 3339 2011 3383 manere
2054 3318 2229 3384 domi
2257 3340 2453 3404 quam
2487 3318 2717 3384 redire.

322 3417 451 3485 Sed
477 3423 716 3500 tamen,
747 3420 801 3485 si
832 3442 1051 3486 omnes
1079 3419 1371 3485 tribunos
1399 3421 1486 3506 pl.
1520 3420 1849 3501 habemus,
1879 3421 1934 3487 si
1963 3421 2321 3488 Lentulum
2347 3427 2485 3487 tam
2514 3422 2719 3488 studi-

320 3543 502 3588 osum
530 3545 727 3609 quam
754 3523 1029 3604 videtur,
1059 3525 1115 3590 si
1144 3546 1292 3590 vero
1323 3526 1516 3590 etiam
1548 3524 1931 3610 Pompeium
1965 3528 2030 3590 et
2063 3524 2419 3605 Caesarem,
2450 3545 2583 3590 non
2622 3528 2719 3590 est

321 3625 809 3713 desperandum.
900 3629 961 3692 3.
1009 3626 1113 3693 De
1152 3627 1422 3708 familia,
1462 3650 1589 3714 quo
1627 3630 1818 3694 modo
1853 3628 2168 3715 placuisse
2211 3627 2432 3694 scribis
2474 3628 2715 3708 amicis,

386 3832 430 3878 1.
460 3832 546 3893 qui
577 3831 637 3879 ab
669 3832 733 3879 iis
826 3828 1015 3892 Cicero,
1049 3830 1240 3894 though
1272 3830 1461 3895 always
1560 3830 1753 3895 forring
1783 3836 1837 3881 to
1868 3831 1953 3881 the
1991 3835 2244 3881 over-tures
2279 3828 2548 3895 originally
2567 3832 2712 3882 made

318 3909 383 3943 8ιι
405 3893 653 3958 optimate
676 3902 727 3945 at
783 3901 904 3957 eart,
927 3911 1028 3945 was
1043 3901 1095 3945 at
1116 3898 1223 3945 first
1239 3896 1462 3958 disposed
1560 3896 1629 3961 by
1680 3896 1766 3946 the
1826 3897 1953 3945 anti·
1935 3896 2124 4009 -Οἷῑίιιι
2127 3902 2206 3945 ate
2260 3901 2435 3958 party:
2494 3911 2552 3945 or
2603 3911 2714 3958 per-

316 3963 369 4007 to
397 3959 522 4022 adop
523 3965 546 4009 t
577 3975 643 4010 an
679 3959 892 4010 attitude
928 3960 1257 4024 independent
1289 3961 1343 4010 of
1375 3960 1460 4011 the
1560 3961 1683 4023 haps
1735 3960 1779 4010 it
1821 3959 1864 4010 is
1913 3967 1967 4010 to
2043 3976 2071 4009 e
2115 3960 2410 4010 understood
2459 3975 2513 4009 as
2559 3960 2711 4010 refer-

320 3975 606 4086 optimates,
645 4040 700 4074 as
733 4024 917 4088 Pompe
918 4025 996 4074 ius
1027 4025 1128 4074 did.
1198 4025 1301 4075 But
1332 4025 1463 4075 after
1562 4026 1677 4089 ring
1722 4033 1776 4075 to
1818 4024 2039 4076 Caesar's
2083 4024 2208 4074 offer
2251 4024 2307 4074 of
2343 4040 2374 4074 a
2406 4031 2516 4087 post
2546 4040 2600 4074 as
2632 4025 2713 4076 his

318 4087 381 4137 he
410 4087 509 4138 had
538 4088 663 4139 been
698 4089 855 4139 raised
885 4091 954 4155 by
986 4090 1071 4140 the
1106 4090 1378 4153 optimates
1411 4096 1463 4139 to
1562 4089 1767 4154 Legata.

316 4150 401 4202 the
444 4153 710 4210 consulate,
757 4154 820 4204 he
862 4156 1001 4205 stood
1044 4155 1180 4205 forth
1231 4171 1286 4205 as
1332 4155 1465 4205 their
1629 4159 1678 4205 2.
1727 4157 1978 4204 stultorum
2029 4190 2043 4203 .
2101 4190 2114 4203 .
2169 4188 2183 4201 .
2235 4159 2321 4203 aut
2367 4153 2709 4221 improborum]

316 4215 456 4266 cham
490 4233 590 4267 ion.
660 4218 742 4267 He
791 4235 903 4268 now
948 4236 1053 4269 sees
1100 4220 1208 4270 that
1251 4219 1316 4270 he
1360 4235 1463 4269 was
1567 4219 1902 4283 ‘misguided'
1948 4217 2067 4283 (like
2103 4216 2317 4277 Atticus,
2360 4220 2459 4268 and
2565 4218 2713 4282 thaps

317 4233 613 4332 mimica·
598 4282 651 4332 in
690 4300 780 4346 sup
750 4283 957 4348 pposing
999 4285 1110 4335 that
1152 4284 1272 4350 they
1308 4285 1465 4349 really
1566 4284 1741 4361 Cato);
1795 4300 1851 4334 or
1898 4283 2274 4333 ‘’treacherous
2327 4282 2444 4348 (like
2548 4290 2710 4334 orten-

318 4348 553 4410 regarded
573 4347 679 4397 him
700 4364 754 4398 as
774 4348 906 4398 their
927 4349 1205 4413 champion.
1265 4350 1348 4400 He
1362 4366 1465 4399 was
1565 4349 1670 4398 sius
1701 4349 1799 4398 and
1831 4348 2046 4411 Arrius).

316 4411 495 4461 envied
527 4411 595 4477 by
628 4429 739 4461 men
776 4413 875 4462 like
917 4414 1245 4473 Hortensius,
1291 4415 1467 4465 looked
1633 4420 1713 4462 tuo
1748 4414 1897 4462 labori
1928 4411 2074 4478 desit]
2142 4411 2264 4463 ‘fail
2295 4418 2349 4463 to
2380 4413 2559 4463 second
2583 4429 2713 4479 your

316 4473 465 4524 down
497 4491 561 4526 on
595 4477 663 4541 by
696 4494 809 4527 meu
843 4478 944 4528 like
977 4479 1234 4529 Lucullus.
1566 4477 1853 4529 exet-tiens!

382 4543 466 4604 qui
479 4541 732 4608 petebant]
816 4543 962 4593 ‘who
986 4544 1184 4595 wanted
1214 4559 1324 4604 me;
1311 4543 1352 4571 ·’
1388 4559 1466 4594 re·
1635 4547 1684 4593 3.
1707 4542 1940 4633 familia]
2009 4541 2102 4592 See
2127 4542 2268 4592 Fam.
2293 4541 2399 4594 xiv.
2424 4547 2475 4605 4,
2497 4546 2547 4594 4.
