3229 5145
535 501 660 568 182
1264 506 1412 571 ΕΡ.
1459 507 1619 575 XV.
1674 506 1918 591 (ΡΑΜ.
1968 484 2042 574 ’7.
2087 506 2176 591 2.)

529 675 602 740 in
644 679 872 741 senatu
911 678 992 743 de
1031 699 1177 743 mea
1218 678 1411 745 laude
1450 701 1583 745 esse
1628 679 1918 760 dicenda,
1953 680 2265 749 reticeres.
2355 680 2549 752 Quod
2586 701 2734 747 cum
2762 680 2932 747 diee-

527 800 686 859 rem,
730 779 897 845 illud
941 781 1230 861 adiunxi,
1275 782 1438 847 mihi
1481 788 1695 849 tecum
1735 783 1830 849 ita
1867 784 2279 870 dispertitum
2314 783 2593 850 officium
2636 783 2834 849 fuisse
2859 784 2933 849 in

528 881 624 947 rei
658 881 951 968 publicae
992 883 1198 950 salute
1240 886 1597 965 retinenda,
1649 890 1726 952 ut
1769 908 1890 974 ego
1925 886 2152 953 urbem
2199 909 2240 952 a
2274 887 2638 953 domesticis
2680 887 2936 953 insidiis

527 989 596 1051 et
637 984 720 1051 ab
765 985 1070 1052 intestino
1114 988 1361 1068 scelere,
1401 994 1476 1055 tu
1519 987 1786 1055 Italiam
1838 996 1904 1056 et
1950 990 2032 1057 ab
2083 991 2345 1056 armatis
2388 989 2680 1057 hostibus
2730 994 2798 1056 et
2846 990 2930 1056 ab

529 1087 777 1153 occulta
815 1088 1249 1156 coniuratione
1283 1091 1678 1172 defenderes,
1718 1099 1912 1179 atque
1954 1092 2121 1158 hanc
2158 1099 2447 1158 nostram
2480 1094 2653 1160 tanti
2693 1097 2759 1159 et
2792 1098 2934 1159 tam

526 1192 836 1277 praeclari
880 1194 1163 1259 muneris
1213 1197 1578 1261 societatem
1618 1219 1659 1261 a
1689 1197 1820 1262 tuis
1863 1197 2239 1283 propinquis
2272 1196 2748 1277 labefactatam,
2796 1198 2931 1283 qui,

529 1317 676 1360 cum
718 1301 794 1361 tu
838 1319 879 1362 a
909 1318 1015 1362 me
1049 1296 1238 1363 rebus
1276 1299 1686 1384 amplissimis
1730 1304 1923 1385 atque
1966 1300 2623 1366 honorificentissimis
2663 1306 2932 1366 ornatus

529 1421 711 1480 esses,
743 1400 1106 1467 timuissent
1127 1425 1209 1468 ne
1239 1425 1401 1488 quae
1431 1403 1590 1468 mihi
1612 1426 1762 1490 pars
1790 1404 1902 1469 abs
1931 1408 1995 1469 te
2013 1403 2366 1469 voluntatis
2393 1408 2658 1469 mutuae
2689 1404 2931 1469 tribue-

526 1507 722 1569 retur.
813 1505 875 1568 2.
945 1503 1095 1570 Hoc
1154 1506 1227 1570 iu
1286 1528 1574 1571 sermone
1639 1529 1786 1572 cum
1847 1530 1888 1573 a
1950 1529 2055 1573 me
2113 1511 2537 1593 exponeretur
2579 1529 2743 1593 quae
2787 1529 2934 1572 mea

529 1607 919 1693 exspectatio
978 1608 1205 1674 fuisset
1263 1610 1568 1675 orationis
1624 1615 1776 1675 tuae
1832 1615 2202 1696 quantoque
2258 1609 2330 1674 in
2387 1631 2598 1675 errore
2644 1616 2934 1676 versatus

526 1732 746 1790 essem,
782 1711 919 1776 visa
960 1715 1056 1776 est
1094 1712 1296 1778 oratio
1327 1735 1457 1778 non
1486 1713 1839 1778 iniucunda
1877 1718 1943 1780 et
1970 1713 2306 1778 mediocris
2343 1713 2608 1799 quidam
2637 1718 2736 1778 est
2764 1715 2934 1779 risus

526 1817 918 1893 consecutus,
962 1836 1095 1880 non
1122 1814 1193 1880 in
1222 1819 1308 1895 te,
1353 1818 1466 1882 sed
1495 1817 1705 1902 magis
1731 1817 1803 1881 in
1832 1838 2108 1882 errorem
2137 1838 2356 1882 meum
2384 1821 2450 1882 et
2478 1818 2653 1902 quod
2682 1838 2787 1881 me
2817 1816 2936 1881 abs

527 1922 595 1981 te
634 1916 879 2002 cupisse
921 1916 1173 1982 laudari
1213 1923 1432 2004 aperte
1469 1922 1662 2006 atque
1691 1920 1972 2005 ingenue
2016 1917 2381 1986 confitebar.
2473 1917 2620 1984 Iam
2649 1918 2770 1985 hoc
2799 1941 2932 1985 non

526 2023 738 2105 potest
760 2019 919 2084 inte
942 2042 1074 2085 non
1099 2019 1442 2087 honorifice
1470 2045 1604 2088 esse
1634 2024 1898 2102 dictum,
1927 2045 2031 2089 me
2059 2023 2130 2089 in
2159 2022 2522 2088 clarissimis
2550 2022 2710 2087 meis
2739 2029 2935 2109 atque

529 2121 937 2208 amplissimis
977 2122 1167 2189 rebus
1210 2129 1426 2190 tamen
1486 2126 1749 2211 aliquod
1795 2127 2236 2192 testimonium
2282 2131 2435 2191 tuae
2482 2125 2652 2190 vocis
2696 2125 2935 2191 habere

527 2225 822 2292 voluisse.
912 2227 975 2291 3.
1023 2226 1216 2298 Quod
1237 2232 1454 2293 autem
1481 2229 1575 2294 ita
1603 2228 1848 2308 scribis,
1882 2235 1901 2266 ‘
1920 2252 2035 2316 pro
2066 2235 2291 2295 mutuo
2320 2230 2491 2295 inter
2518 2251 2638 2294 nos
2666 2229 2932 2309 anim0,'

528 2329 688 2416 quid
729 2335 806 2395 tu
848 2330 1169 2396 existimes
1211 2354 1344 2397 esse
1387 2331 1457 2397 in
1510 2333 1792 2398 amicitia
1836 2338 2136 2399 mutuum
2187 2332 2416 2413 nescio,
2469 2332 2769 2417 equidem
2811 2331 2936 2398 hoc

529 2431 822 2514 arbitror,
889 2456 1035 2500 cum
1098 2458 1218 2521 par
1262 2435 1558 2501 voluntas
1606 2437 1917 2523 accipitur
1959 2440 2025 2502 et
2065 2437 2378 2502 redditur.
2468 2434 2638 2522 Ego,
2698 2436 2755 2501 si
2811 2435 2935 2501 hoc

531 2537 762 2618 dicam,
821 2557 926 2603 me
983 2541 1100 2604 tua
1157 2561 1346 2606 causa
1391 2541 1888 2627 praetermisisse
1940 2540 2353 2626 provinciam,
2400 2537 2525 2605 tibi
2558 2540 2695 2626 ipse
2731 2539 2936 2606 levior

530 2642 754 2708 videar
796 2663 965 2708 esse:
1012 2665 1192 2708 meae
1236 2643 1409 2710 enim
1445 2643 1723 2709 rationes
1757 2644 1852 2718 ita
1890 2643 2181 2708 tulerunt
2209 2647 2403 2728 atque
2447 2643 2585 2708 eius
2623 2644 2752 2707 mei
2782 2665 2933 2708 con-

530 2745 661 2810 silii
687 2745 996 2810 maiorem
1023 2746 1093 2811 in
1124 2745 1259 2811 dies
1287 2747 1575 2832 singulos
1606 2746 1892 2812 fructum
1919 2746 2445 2831 voluptatemque
2474 2745 2676 2831 capi0.
2747 2744 2933 2811 Illud

533 2848 693 2928 dioc,
737 2870 862 2927 me,
905 2853 983 2914 ut
1024 2850 1305 2935 primum
1353 2850 1423 2914 in
1467 2850 1761 2915 contione
1802 2848 2197 2935 provinciam
2239 2849 2662 2933 deposuerim,
2711 2849 2937 2915 statim

534 2973 727 3037 quem
763 2953 848 3016 ad
876 2954 1141 3018 modum
1172 2974 1314 3018 eam
1344 2952 1465 3017 tibi
1492 2952 1813 3017 traderem
1856 2952 2137 3038 cogitare
2179 2952 2475 3037 coepisse.
2565 2950 2762 3016 Nihil
2792 2952 2937 3017 dico

533 3055 615 3119 de
658 3054 986 3121 sortitione
1028 3060 1275 3120 vestra:
1322 3060 1579 3121 tantum
1622 3060 1688 3120 te
1730 3054 2035 3140 suspicari
2078 3053 2223 3120 volo
2265 3054 2432 3118 nihil
2474 3055 2546 3119 in
2590 3076 2668 3119 ea
2709 3078 2779 3119 re
2822 3077 2942 3140 per

532 3157 847 3244 collegam
896 3179 1111 3223 meum
1168 3180 1273 3222 me
1330 3159 1641 3223 insciente
1698 3179 1832 3223 esse
1892 3157 2155 3222 factum.
2262 3156 2624 3223 Recordare
2683 3163 2935 3223 cetera:

534 3283 730 3346 quam
758 3261 884 3326 cito
926 3265 1222 3326 senatum
1249 3261 1363 3326 illo
1393 3262 1497 3326 die
1528 3260 1701 3325 facta
1743 3259 2073 3325 sortitione
2102 3261 2438 3346 coegerim,
2484 3282 2680 3347 quam
2724 3261 2938 3327 multa

535 3365 617 3429 de
643 3368 709 3430 te
738 3362 932 3429 verba
959 3362 1236 3444 fecerim,
1281 3386 1427 3429 cum
1457 3369 1532 3429 tu
1561 3364 1696 3449 ipse
1734 3362 1895 3427 mihi
1923 3362 2147 3427 dixisti
2176 3363 2529 3428 orationem
2557 3385 2772 3428 meam
2799 3387 2935 3429 non

537 3467 742 3534 solum
784 3468 854 3532 in
899 3472 965 3532 te
1007 3465 1440 3546 honorificam,
1495 3467 1607 3532 sed
1650 3467 1846 3532 etiam
1887 3465 1958 3530 in
2002 3465 2279 3551 collegas
2322 3469 2468 3531 tuos
2509 3467 2934 3532 contumelio-

603 3673 649 3719 2.
685 3671 795 3718 Iam
819 3670 903 3718 hoo
924 3670 1040 3734 non]
1096 3680 1109 3699 ·
1131 3669 1308 3734 Surely
1330 3669 1468 3719 there
1492 3686 1594 3720 was
1616 3686 1682 3720 no

536 3735 816 3797 expression
855 3734 910 3784 of
945 3734 1209 3798 disrespeet
1247 3737 1459 3784 towards
1495 3750 1595 3798 you
1628 3735 1683 3784 in

537 3816 625 3864 my
654 3798 883 3862 wishing,
921 3805 973 3848 at
1005 3799 1090 3848 the
1122 3815 1243 3863 very
1276 3799 1478 3848 summit
1508 3800 1563 3848 of
1594 3815 1682 3863 my

537 3865 696 3928 glory,
721 3870 774 3914 to
794 3864 921 3913 have
942 3863 995 3912 in
1016 3863 1302 3913 attestation
1322 3865 1377 3913 of
1397 3880 1483 3927 my
1498 3865 1684 3913 deser-ts

536 3946 602 3978 an
623 3928 903 3992 expression
924 3929 980 3978 of
1000 3928 1200 3991 opinion
1220 3928 1348 3977 from
1371 3928 1508 3992 you.’
1566 3927 1677 3976 Me-

537 3993 688 4043 tellus
729 3993 829 4042 had
871 3993 1175 4056 complained
1218 3992 1330 4042 that
1372 3991 1542 4042 Cicero
1584 3992 1683 4041 had

536 4060 679 4108 made
726 4057 831 4107 him
875 4057 1156 4115 ridiculous,
1214 4057 1419 4106 ludibrio
1464 4059 1638 4104 laesum
1657 4072 1681 4114 ,-

536 4122 708 4172 Cicero
729 4121 951 4186 explains
972 4122 1083 4171 that
1102 4121 1238 4170 what
1257 4122 1415 4170 raised
1427 4120 1512 4170 the
1528 4120 1681 4183 laugh

535 4187 591 4235 in
635 4187 719 4237 the
772 4193 940 4236 senate
984 4203 1085 4236 was
1127 4185 1206 4235 his
1258 4201 1371 4234 own
1414 4185 1680 4234 ridiculous

535 4250 748 4314 position
782 4251 836 4301 in
872 4251 1060 4314 having
1095 4251 1218 4299 been
1256 4249 1470 4298 baulked
1506 4248 1562 4297 of
1596 4248 1676 4297 his

533 4317 770 4378 expected
802 4317 998 4381 eulogy,
1035 4316 1131 4365 and
1154 4313 1233 4363 his
1266 4314 1385 4376 καὶ]
1396 4312 1676 4363 confession

532 4380 644 4429 that
664 4380 727 4430 he
747 4380 847 4431 had
867 4383 1075 4431 counted
1097 4396 1162 4429 on
1182 4379 1239 4428 it.
1305 4379 1415 4426 lam
1446 4378 1564 4427 here
1592 4380 1672 4427 in·

532 4447 758 4495 troduces
778 4446 863 4495 the
884 4449 1141 4494 conclusion
1164 4460 1219 4492 or
1234 4445 1501 4492 immediate
1521 4459 1672 4490 conse-

534 4526 704 4570 quence
715 4509 770 4559 of
790 4511 1046 4573 foregoing
1067 4507 1357 4568 conditions,
1377 4523 1432 4556 as
1454 4509 1551 4554 iam
1568 4523 1672 4554 con·

535 4578 676 4622 temni
690 4577 985 4634 nonpotert’s,
1003 4573 1189 4634 ‘surely
1201 4571 1480 4629 therefore,’
1497 4571 1606 4619 Fin.
1619 4571 1669 4619 ii.

533 4640 612 4685 84.
672 4638 853 4695 Belmv,
879 4636 930 4685 in
957 4637 977 4699 ἦ
999 4641 1044 4694 4,
1076 4643 1088 4663 ‘
1106 4635 1428 4699 iam=again‚
1450 4634 1669 4685 further-

1781 3684 1913 3718 more
1932 3668 1965 3727 ;'
1993 3670 2088 3715 iam
2103 3667 2357 3717 sometime
2377 3690 2419 3710 =
2442 3672 2455 3695 ‘
2471 3667 2552 3717 for
2563 3668 2829 3732 example)

1851 3737 1895 3781 3.
1930 3734 2050 3795 quid
2082 3739 2136 3780 tu
2165 3732 2430 3797 existimes]
2519 3737 2533 3760 ‘
2559 3731 2585 3781 Ι
2610 3735 2753 3783 don’t
2785 3734 2939 3784 know

1782 3798 1917 3846 what
1949 3812 2050 3871 you
2082 3797 2310 3846 conceive
2342 3797 2440 3846 reci
2475 3798 2637 3872 rocity
2664 3805 2718 3847 to
2749 3798 2841 3856 be;
2878 3799 2936 3849 iu

1781 3877 1868 3974 my
1911 3875 2039 3974 viii}
2082 3861 2125 3910 it
2157 3861 2466 3975 fi⁸lilghe¹i>od
2482 3877 2562 3974 εἷο
2576 3877 2647 3974 liis]
2675 3878 2722 3950 a⁹
2738 3865 2935 3914 mutual

1780 3942 1832 3974 m
1855 3942 1936 3974 erc
2128 3941 2157 3974 o
2283 3941 2311 3974 e
2519 3942 2575 3975 ee
2689 3962 2701 3974 .

1846 3989 2018 4055 levior]
2039 3941 2119 4017 ge‘
2135 4005 2234 4053 you
2258 3943 2422 4047 woffid
2443 3991 2557 4040 take
2579 3990 2622 4040 it
2642 3942 2724 4039 fgor
2744 4007 2776 4040 a
2794 3992 2936 4054 pisce

1780 4053 1836 4102 of
1858 4055 2025 4116 blaque
2039 4054 2076 4112 ,·'
2117 4062 2130 4084 ‘
2149 4054 2372 4118 humbug
2389 4054 2404 4078 ’
2444 4055 2611 4104 would
2630 4071 2825 4120 convey
2846 4056 2937 4106 the

1780 4117 2011 4181 meaning
2047 4118 2260 4183 exactly,
2300 4119 2392 4168 but
2425 4118 2605 4180 would,
2650 4120 2707 4168 of
2744 4135 2935 4180 course,

1778 4182 2124 4296 misgepgsent
2141 4182 2238 4259 the·
2251 4189 2384 4296 tofis.
2421 4183 2734 4296 Perhapsgve
2755 4183 2936 4235 should

1779 4262 1858 4296 rea
1939 4265 1957 4295 ι
2031 4264 2277 4308 tpnasm
2382 4285 2394 4297 .
2421 4264 2561 4296 xvm.
2677 4285 2689 4297 .

1841 4314 2156 4378 deposuerim]
2223 4313 2314 4376 Cp.
2341 4263 2435 4375 Ep.
2465 4249 2624 4361 xxvii.
2653 4316 2700 4362 3.

1839 4376 1994 4441 nihil]
2064 4377 2204 4425 ‘that
2240 4376 2262 4425 1
2305 4393 2406 4426 was
2447 4377 2596 4442 privy
2632 4385 2686 4427 to
2730 4376 2801 4427 all
2843 4394 2932 4442 my

1775 4440 2025 4504 colleague
2070 4440 2189 4489 did.’
2260 4440 2341 4490 He
2379 4440 2513 4491 hints
2556 4440 2668 4491 that
2706 4441 2787 4491 his
2830 4444 2933 4492 col·

1774 4504 1947 4566 league
1966 4505 2209 4555 Antonius
2230 4504 2374 4554 athis
2394 4513 2592 4570 request
2606 4522 2662 4556 so
2683 4509 2933 4570 managed

1774 4567 1858 4617 the
1880 4572 2070 4617 sortitio
2096 4570 2166 4632 (as
2188 4571 2437 4631 president
2457 4571 2513 4620 of
2533 4571 2592 4634 it)
2619 4569 2731 4621 that
2745 4571 2930 4623 Metel·

1771 4633 1849 4682 lus
1871 4633 2047 4683 should
2070 4633 2128 4685 be
2150 4634 2346 4684 chosen.
