3229 5145
918 441 1075 543 ΕΡ..
1110 439 1450 506 XXXIX.
1505 439 1737 525 (ATT.
1769 440 1871 505 II.
1904 441 2041 526 11.)
2546 439 2672 505 291

279 613 634 682 Formiano
661 611 1051 700 exspectabo.
1140 611 1339 681 Nune
1367 613 1470 678 fao
1506 615 1581 679 ut
1620 610 1817 679 seiam
1844 634 1970 699 quo
1999 611 2104 679 die
2129 614 2197 680 te
2224 611 2423 680 visuri
2455 612 2668 680 simus.

278 717 627 888 ssssbssffifi
654 716 846 795 Foro,
872 717 1032 784 hora
1059 720 1307 803 quarta.
1381 715 1706 783 Dederam
1733 715 1927 782 aliam
1953 714 2172 803 paullo
2199 720 2351 782 ante
2378 739 2418 782 a
2445 714 2678 783 Tribus

544 1155 890 1224 XXXIX.
979 1154 1098 1223 ΤΟ
1141 1152 1560 1237 ATTIOUS,
1604 1176 1682 1220 m
1726 1153 1933 1221 Roma
1986 1155 2175 1243 (A‘rr.
2207 1178 2282 1223 11.
2319 1157 2430 1244 11).

686 1396 1010 1458 roman,
1054 1398 1117 1443 A.
1152 1397 1221 1441 u·
1253 1396 1307 1441 c,
1339 1394 1477 1455 θοός
1524 1396 1588 1440 Β.
1621 1396 1676 1441 ο.
1708 1394 1809 1456 69;
1856 1395 2007 1441 ΛΒΤ.
2039 1397 2158 1442 clo.
2189 1393 2274 1448 47.

382 1593 1033 1647 H.GioeroAttiooso1-ibit
1062 1593 2682 1664 seinFormianonihilfemquidRomaeflataooipem‚1-ogat

284 1681 346 1729 ut
370 1693 541 1742 puero,
567 1693 715 1742 quem
745 1675 952 1738 miserit,
978 1676 1299 1741 ponderosam
1318 1674 1577 1740 epistolam
1604 1677 1705 1740 det,
1729 1676 1895 1741 ipsum
1920 1693 1953 1728 a
1979 1693 2033 1729 se
2058 1676 2115 1728 in
2144 1677 2409 1731 Formiano
2433 1695 2592 1746 usqne
2619 1682 2681 1732 ad

282 1756 1846 1824 prianonuuatuspoctamupinumnonpoeaeinvitui.
1917 1805 1924 1813 .

1108 1954 1371 2012 CICERO
1408 1954 1671 2011 ATTICO
1708 1955 1861 2011 SAL.

421 2112 483 2178 1.
527 2108 742 2178 Narro
783 2109 941 2178 tibi:
1004 2110 1198 2198 plane
1246 2110 1569 2198 relegatus
1617 2109 1781 2177 mihi
1820 2110 2060 2193 videor,
2110 2115 2331 2199 postea
2378 2135 2574 2200 quam
2615 2114 2685 2180 in

288 2213 640 2284 Formiano
690 2236 852 2281 sum.
951 2212 1112 2281 Dies
1161 2213 1336 2281 enim
1379 2215 1597 2281 nullus
1648 2218 1805 2296 erat,
1854 2212 2047 2281 Antii
2090 2237 2238 2283 eum
2286 2238 2505 2298 essem,
2557 2240 2685 2304 quo

285 2320 392 2387 die
431 2342 566 2388 non
605 2317 836 2385 melius
885 2316 1111 2384 soirem
1153 2315 1401 2385 Romae
1458 2316 1617 2404 quid
1673 2320 1971 2404 ageretur
2013 2339 2207 2404 quam
2247 2317 2298 2384 ii
2340 2318 2452 2406 qui
2496 2326 2680 2387 erant

288 2422 555 2491 Romae.
643 2419 911 2488 Etenim
947 2420 1202 2487 litterae
1240 2423 1392 2487 tuae
1429 2442 1560 2486 non
1595 2421 1804 2486 solum
1842 2419 2000 2507 quid
2038 2420 2304 2503 Romae,
2340 2422 2451 2488 sed
2488 2422 2682 2489 etiam

285 2526 446 2615 quid
493 2526 566 2594 in
613 2547 683 2593 re
726 2522 1003 2613 publiea,
1054 2545 1263 2611 neque
1313 2523 1520 2593 solum
1571 2523 1730 2611 quid
1771 2523 1970 2606 fieret,
2016 2545 2241 2591 verum
2289 2523 2485 2592 etiam
2527 2525 2684 2613 quid

286 2630 583 2697 futurum
639 2632 801 2695 esset
856 2626 1246 2695 indicabant.
1363 2625 1582 2708 Nune,
1634 2626 1761 2693 nisi
1817 2627 1874 2694 si
1922 2627 2081 2715 quid
2122 2650 2204 2695 ex
2243 2632 2683 2715 praetereunte

285 2733 529 2802 viatore
570 2735 907 2818 exceptum
949 2735 1064 2813 est,
1108 2730 1266 2797 seire
1307 2730 1473 2796 nihil
1514 2752 1866 2818 possumus.
1978 2730 2128 2805 Qua
2173 2754 2244 2798 re
2293 2753 2681 2820 quamquam

285 2837 420 2904 iam
446 2841 513 2903 te
538 2836 751 2924 ipsum
777 2839 1091 2922 exspeot0‚
1122 2838 1342 2901 tamen
1379 2833 1489 2900 isti
1527 2856 1748 2920 puero,
1779 2857 1970 2921 quem
2008 2835 2092 2901 ad
2129 2855 2233 2901 me
2270 2835 2491 2902 statim
2525 2836 2680 2905 iussi

286 2961 623 3020 recurrere,
654 2940 740 3005 da
776 2940 1194 3026 ponderosam
1233 2937 1516 3023 aliquam
1554 2937 1909 3023 epistolam,
1938 2938 2199 3024 plenam
2233 2939 2522 3005 omnium
2549 2964 2680 3009 non

284 3044 478 3111 modo
516 3046 822 3122 aetorum,
858 3042 970 3108 sed
1008 3040 1204 3107 etiam
1242 3039 1622 3127 opinionum
1658 3044 1939 3121 tuarum,
1974 3063 2050 3107 ao
2082 3040 2274 3122 diem,
2305 3064 2432 3128 quo
2471 3042 2682 3113 Roma

284 3146 373 3214 sis
413 3146 722 3227 entia-us,
767 3167 918 3211 eura
960 3148 1036 3211 ut
1077 3143 1292 3210 seiam.
1397 3144 1463 3209 2.
1526 3141 1671 3211 Nos
1712 3143 1784 3209 in
1826 3143 2172 3211 Formiano
2214 3167 2348 3212 esse
2390 3147 2681 3217 volumus

283 3353 337 3400 at
362 3348 589 3400 Antium.
657 3348 710 3398 It
732 3346 895 3399 would
921 3345 983 3397 be
1014 3345 1181 3397 rather
1210 3362 1243 3396 a
1271 3346 1426 3408 bui-ve,
1530 3345 1618 3396 the
1645 3346 1690 3395 A
1924 3344 2100 3397 xxviii.
2140 3348 2219 3410 16,
2261 3364 2327 3398 on
2359 3348 2447 3401 the
2483 3352 2678 3429 Appian

284 3414 433 3464 when
463 3414 490 3463 I
522 3411 678 3464 desire
706 3419 759 3463 to
786 3411 933 3462 avoid
959 3411 1028 3461 all
1059 3427 1356 3475 appearance
1377 3411 1433 3461 of
1530 3409 1664 3475 Way
1747 3416 1909 3462 tween
1927 3409 2094 3462 Aricia
2111 3413 2210 3462 and
2232 3411 2419 3465 Forum
2439 3417 2605 3481 Appu-

285 3478 591 3542 dissipation,
611 3476 854 3541 suddenly
869 3482 922 3526 to
937 3492 1000 3540 ap
1136 3475 1193 3525 in
1213 3475 1296 3526 the
1314 3475 1430 3526 oha-

284 3550 444 3594 taeter
459 3543 618 3593 osone
634 3548 721 3593 not
733 3541 853 3617 only
865 3545 1004 3592 trave
1044 3540 1057 3552 “
1096 3540 1225 3605 gfor
1240 3556 1429 3591 amuse-
1599 3543 1646 3589 1.
1680 3541 1845 3590 Narro
1868 3539 1980 3606 tibi]
2050 3539 2142 3591 See
2162 3557 2229 3591 on
2249 3542 2355 3592 Att.
2380 3542 2418 3594 i.
2447 3547 2524 3606 16,
2553 3549 2629 3598 10.

285 3613 438 3671 ment,
476 3607 567 3658 but
602 3606 683 3659 for
719 3606 897 3658 foohsh
936 3610 1269 3656 amusement:
1288 3604 1303 3628 ’
1352 3620 1432 3655 see
1594 3603 1858 3671 exceptum]
1926 3611 1941 3634 ⁴
1957 3607 2176 3670 snapped
2207 3623 2275 3671 up
2296 3623 2308 3655 :
2328 3608 2343 3633 ²
2379 3608 2448 3659 ef.
2476 3610 2583 3661 Att.
2617 3610 2672 3661 ii.

285 3672 722 3733 onAtt.ii.l,l.
790 3669 1433 3721 Itisamistaketotake
1533 3670 1666 3734 6,1.

285 3737 372 3788 the
395 3743 623 3788 sentence
643 3735 917 3799 ironically,
938 3751 993 3784 as
1010 3734 1135 3784 Boot
1155 3735 1287 3795 does,
1313 3750 1367 3784 as
1387 3733 1434 3783 if
1595 3733 1695 3810 die]
1729 3735 1957 3798 repeated
1976 3739 2031 3785 to
2050 3733 2189 3786 show
2210 3736 2320 3787 that
2342 3753 2432 3801 quo
2453 3738 2568 3790 does
2587 3747 2677 3791 not

284 3801 329 3852 it
359 3807 542 3862 meant,
578 3806 592 3829 ‘
609 3816 709 3866 you
738 3807 873 3850 must
903 3798 1088 3849 admire
1119 3814 1205 3863 my
1233 3802 1429 3848 vomi-st·
1530 3814 1595 3865 go
1619 3798 1742 3848 mth
1767 3801 1953 3848 molius.

285 3867 429 3929 eney’
460 3866 568 3930 (i.e.
592 3865 952 3928 inconsisteney
977 3864 1033 3913 in
1063 3862 1313 3928 changing
1343 3879 1433 3928 my
1587 3863 1920 3930 ponderosam]
1955 3862 2035 3914 cf.
2056 3865 2161 3914 Att.
2180 3863 2215 3914 i.
2238 3868 2314 3926 13,
2341 3869 2385 3925 1,
2405 3869 2489 3929 qui
2504 3870 2674 3928 episto-

283 3933 428 3995 plans
460 3946 515 3981 so
546 3930 701 3994 soon).
780 3929 951 3979 Cioero
981 3928 1121 3978 often
1151 3943 1432 3979 announoes
1530 3931 1628 3978 lam
1640 3930 1809 3989 paullo
1832 3931 2099 3992 qrwiorem
2149 3946 2253 3980 erro
2272 3934 2427 3992 poscit
2455 3934 2555 3981 nisi
2575 3949 2676 3983 eam

282 4013 318 4047 a
348 3996 538 4060 change
566 3994 622 4045 of
651 3994 768 4058 plan
797 3993 854 4043 in
884 3992 1219 4058 immediately
1241 4008 1429 4043 sueces-
1520 3995 1797 4055 pellectione
1816 3995 2057 4043 relevaret.
2193 4010 2273 4045 ere
2289 3995 2428 4047 there
2447 3994 2491 4047 is
2511 3997 2676 4063 aplay

283 4060 392 4111 sive
411 4060 596 4121 letters,
623 4059 719 4109 and
743 4058 908 4109 would
936 4063 1024 4107 not
1053 4057 1181 4108 have
1212 4058 1354 4107 made
1375 4073 1431 4108 so
1528 4074 1594 4109 on
1623 4056 1710 4108 the
1738 4063 1840 4108 two
1872 4058 2128 4123 meanings
2160 4058 2216 4108 of
2238 4062 2421 4122 qram‘s,
2450 4067 2465 4090 ‘
2479 4060 2642 4129 heavy
2657 4063 2672 4088 ’

283 4124 435 4175 much
457 4125 514 4175 of
529 4125 571 4174 it
590 4123 721 4174 here.
788 4121 991 4173 Besides
1010 4121 1282 4173 emutamis
1303 4138 1426 4173 usu·
1581 4122 1847 4198 hysioally)
1880 4124 1980 4173 and
2015 4130 2029 4153 ⁴
2045 4123 2301 4189 weighty,’
2344 4124 2673 4189 ‘important'

281 4189 389 4254 ally
408 4193 531 4254 firm
561 4188 616 4238 in
648 4187 843 4239 Cicero:
891 4202 971 4237 see
1003 4188 1111 4237 Att.
1137 4186 1173 4236 i.
1200 4190 1276 4248 14,
1306 4190 1353 4248 5,
1379 4190 1425 4236 6.
1558 4193 1582 4237 t
1618 4202 1662 4238 is
1694 4193 1749 4237 to
1781 4187 1929 4238 avoid
1962 4203 2064 4252 any
2098 4187 2223 4237 such
2256 4188 2535 4256 ambiguity
2564 4191 2680 4243 that

283 4253 458 4305 Cicero
515 4252 717 4304 himself
768 4251 955 4303 ean-ied
1006 4268 1038 4302 a
1090 4250 1183 4301 bill
1234 4251 1426 4302 forbid·
1528 4251 1699 4302 Cioero
1730 4251 1847 4302 here
1878 4267 1991 4302 uses
2014 4254 2324 4314 ponderosam
2346 4256 2395 4318 (a
2419 4256 2556 4306 word
2588 4264 2677 4310 not

282 4316 1431 4384 dinggladiatodalshows,bimnioquoquis
1527 4315 2198 4368 foundinhisotherwri‘
2293 4318 2676 4384 );hevantsa

280 4390 415 4447 petat
448 4386 749 4445 potuumve
790 4385 855 4431 cit
897 4383 997 4431 nisi
1047 4397 1106 4431 ex
1160 4387 1430 4431 &ammento
1527 4381 1623 4432 hea
1698 4417 1711 4442 ,
1733 4380 1910 4444 bulky,
2066 4387 2133 4444 et,
2300 4385 2357 4435 of
2383 4385 2469 4436 the
2500 4387 2676 4438 details

276 4452 573 4511 praestituta
605 4450 697 4508 die,
724 4446 840 4497 Vat.
876 4449 955 4499 37.
1528 4445 1585 4497 of
1691 4445 1791 4496 aits
1835 4453 1887 4496 at
2049 4462 2092 4510 e,
2129 4446 2254 4498 with
2285 4448 2496 4502 Attious'
2538 4468 2671 4503 oom-

353 4513 528 4565 mbas
553 4511 804 4578 Tabernis]
859 4509 1139 4563 mentioned
1157 4510 1214 4561 in
1234 4511 1355 4563 Acts
1375 4509 1432 4563 of
1529 4516 1692 4563 ments
1722 4525 1789 4561 on
1817 4509 1971 4562 them.

1429 4609 1540 4661 112
