3229 5145
457 491 585 557 374
1074 491 1220 559 ΕΡ.
1267 491 1619 557 LXXJJJ.
1672 491 1764 576 (A
1777 492 1906 556 TT.
1940 491 2088 557 III.
2120 492 2255 576 15.)

455 668 703 751 agetur.
793 663 1045 733 Verum
1070 663 1229 731 haec
1256 664 1471 731 absint
1499 664 1715 731 velim.
1807 662 1903 730 Te
1933 684 2062 743 οπο,
2093 668 2171 730 ut
2198 663 2284 730 ad
2321 685 2426 729 me
2461 664 2543 730 de
2572 660 2876 730 omnibus

452 765 642 834 rebus
668 768 975 835 rescribas
1002 768 1166 835 etin
1195 790 1301 835 me
1329 768 1533 834 animi
1572 772 1689 834 aut
1725 767 1944 855 potius
1982 766 2232 834 consilii
2268 766 2483 834 minus
2520 771 2710 854 putes
2737 787 2877 832 esse

453 893 648 955 quam
679 877 889 953 antea,
920 872 1153 939 amoris
1180 894 1331 940 vero
1361 876 1428 939 et
1456 872 1648 938 officii
1676 894 1808 937 non
1838 871 2074 937 minus.

694 1192 1040 1292 LXXIIL
1131 1193 1249 1260 ΤΟ
1293 1190 1718 1274 Armene,
1767 1213 1845 1258 m
1888 1191 2096 1259 Romz
2137 1191 2328 1277 (ΑΠ’.
2361 1213 2466 1257 ιιι.
2507 1192 2616 1275 15).

768 1422 1287 1482 THESSALONICA,
1318 1422 1382 1466 A.
1416 1420 1484 1465 U.
1517 1421 1572 1464 C.
1605 1418 1703 1467 696
1730 1421 1747 1480 ξ
1795 1420 1857 1464 Β.
1891 1420 1948 1464 C.
1983 1418 2084 1480 583
2133 1420 2280 1464 ΛΒΤ.
2315 1420 2435 1464 cm.
2466 1417 2553 1465 48.

547 1584 621 1636 M.
650 1586 821 1638 Cicero
842 1587 1011 1639 Attico
1032 1588 1096 1638 ad
1117 1591 1369 1653 quattuor,
1394 1601 1519 1652 quas
1548 1589 1819 1649 acceperat,
1848 1583 2080 1648 epistolas
2101 1586 2392 1647 respondet:
2428 1585 2494 1635 ad
2511 1583 2738 1647 primam,
2769 1600 2874 1649 qua

449 1666 741 1733 obiurgatus
770 1675 891 1731 erat,
919 1670 1052 1735 quod
1072 1674 1213 1719 tanto
1242 1684 1387 1733 opere
1417 1666 1753 1732 adfligeretur,
1780 1666 1841 1717 de
1863 1665 2044 1716 misera
2072 1665 2359 1716 condicione
2391 1681 2484 1716 sua
2511 1664 2715 1729 exponit
2736 1670 2789 1716 et
2809 1666 2871 1716 de

450 1748 750 1812 hominibus,
777 1767 810 1801 a
829 1750 1012 1816 quibus
1032 1749 1230 1800 Atticus
1254 1764 1307 1799 se
1328 1749 1540 1799 salutem
1563 1764 1759 1812 sperare
1780 1748 1968 1809 iubeat,
1998 1749 2304 1807 subdubitat,
2334 1763 2387 1798 se
2416 1763 2650 1798 accusans
2671 1753 2876 1811 propter

450 1846 542 1881 sua
561 1840 778 1894 peccata,
811 1834 873 1882 de
902 1847 1122 1883 sermone
1152 1831 1215 1881 ab
1239 1829 1407 1881 Attico
1438 1846 1554 1880 cum
1576 1829 1814 1880 Culleone
1841 1829 2016 1880 habito
2045 1830 2105 1880 de
2135 1829 2416 1894 privilegio,
2447 1835 2499 1880 et
2527 1829 2723 1894 quaerit
2750 1828 2875 1894 quid

451 1927 597 1977 agere
628 1914 690 1963 de
723 1929 775 1964 se
805 1913 991 1964 Romae
1023 1913 1183 1962 velint
1214 1910 1393 1962 amici:
1429 1928 1482 1962 se
1515 1916 1628 1962 acta
1657 1910 1776 1961 Kal.
1802 1910 1940 1962 Sext.
1968 1910 2349 1961 Thessalonicae
2380 1916 2678 1974 exspectare,
2717 1910 2876 1961 donec

448 1998 636 2044 statuat
657 2001 824 2044 utrum
846 1994 899 2043 in
922 1994 1131 2058 Epirum
1152 1993 1207 2043 in
1236 2009 1381 2058 agros
1406 1992 1565 2044 Attici
1585 2009 1652 2043 an
1675 1992 1916 2058 Cyzicum
1947 2010 2000 2044 se
2032 1993 2272 2056 conferat,
2305 1994 2367 2043 ab
2398 1992 2567 2043 Attico
2588 1992 2700 2042 vult
2720 1991 2874 2048 effici,

449 2079 508 2125 ut
528 2075 835 2139 restituatur,
857 2081 946 2126 aut
966 2075 1010 2126 si
1030 2074 1083 2125 id
1103 2074 1211 2126 fieri
1231 2091 1333 2126 non
1353 2074 1526 2140 possit,
1551 2074 1733 2126 certior
1753 2075 1864 2125 fieri
1886 2075 1999 2126 vult
2020 2073 2116 2125 sibi
2136 2074 2268 2125 nihil
2287 2090 2394 2125 esse
2422 2074 2737 2138 sperandum.

1279 2259 1541 2316 CICERO
1577 2259 1845 2315 ATTICO
1883 2259 2035 2314 SAL.

586 2421 646 2485 1.
691 2417 932 2502 Accepi
961 2416 1065 2483 Id.
1097 2416 1279 2482 Sext.
1323 2420 1632 2502 quattuor
1670 2416 1974 2503 epistolas
2011 2440 2052 2482 a
2079 2423 2145 2483 te
2173 2419 2436 2483 missas:
2483 2440 2704 2496 unam,
2742 2440 2876 2504 qua

452 2544 556 2589 me
600 2521 902 2609 obiurgas
939 2525 1015 2586 ut
1055 2520 1177 2587 sim
1215 2520 1477 2602 firmior,
1523 2521 1817 2603 alteram,
1862 2544 1993 2609 qua
2030 2521 2243 2588 Crassi
2269 2522 2574 2589 libertum
2615 2521 2711 2588 ais
2748 2521 2873 2589 tibi

453 2628 533 2694 de
567 2649 714 2693 mea
758 2625 1187 2692 sollicitudine
1230 2625 1559 2712 macieque
1604 2648 1915 2706 narrasse,
1961 2627 2242 2706 tertiam,
2297 2649 2427 2711 qua
2471 2629 2875 2692 demonstras

454 2735 598 2798 acta
640 2730 712 2795 in
759 2735 1006 2809 senatu,
1054 2733 1351 2814 quartam
1397 2730 1478 2795 de
1525 2752 1623 2810 ec,
1668 2730 1842 2815 quod
1885 2751 1926 2795 a
1966 2729 2262 2797 Varrone
2307 2729 2529 2795 scribis
2571 2729 2691 2795 tibi
2735 2752 2873 2796 esse

454 2836 901 2902 confirmatum
931 2836 1011 2901 de
1038 2835 1373 2900 voluntate
1402 2832 1716 2919 Pompeii.
1808 2833 1868 2898 2.
1903 2832 2013 2898 Ad
2042 2834 2321 2920 primam
2348 2832 2471 2899 tibi
2493 2833 2616 2899 hoc
2642 2832 2870 2912 scrib0,

454 2960 557 3005 me
603 2939 698 3004 ita
744 2939 976 3017 dolere,
1020 2942 1097 3003 ut
1143 2959 1274 3002 non
1322 2937 1511 3001 modo
1558 2959 1598 3001 a
1640 2941 1857 3002 mente
1901 2959 2034 3003 non
2077 2938 2350 3015 deserar,
2396 2938 2510 3002 sed
2546 2936 2618 3002 id
2654 2937 2871 3021 ipsum

456 3042 728 3120 doleam,
774 3064 880 3107 me
924 3046 1061 3107 tam
1101 3042 1288 3106 firma
1329 3045 1546 3106 mente
1589 3039 1706 3105 ubi
1744 3045 1892 3106 utar
1931 3044 1997 3105 et
2034 3040 2414 3125 quibuscum
2450 3062 2584 3106 non
2611 3038 2868 3105 habere.

456 3144 634 3211 Nam
662 3146 822 3211 situ
849 3168 952 3211 me
981 3167 1111 3209 uno
1146 3166 1280 3209 non
1315 3144 1454 3209 sine
1490 3165 1776 3209 maerore
1816 3167 2009 3224 cares,
2048 3144 2207 3230 quid.
2235 3167 2339 3210 me
2375 3166 2608 3222 censeo,
2650 3145 2765 3229 qui
2804 3149 2872 3209 et

456 3254 521 3314 te
549 3253 616 3314 et
644 3247 941 3314 omnibus
959 3248 991 3312 P
1078 3247 1191 3327 Et,
1224 3247 1279 3312 si
1307 3251 1382 3312 tu
1409 3247 1749 3313 incolumis
1775 3269 1881 3313 me
1909 3248 2198 3332 requiris,
2238 3269 2438 3332 ecquo
2475 3248 2667 3312 modo
2695 3270 2735 3312 a
2763 3270 2872 3313 me

455 3352 663 3439 ipsam
701 3351 1210 3418 incolumitatem
1251 3349 1597 3418 desiderari
1635 3356 1827 3436 putas
1848 3350 1881 3415 Ρ
1970 3349 2144 3416 ΝοΙο
2189 3372 2681 3417 commemorare
2724 3350 2869 3436 qui·

455 3453 576 3521 bus
604 3454 792 3520 rebus
830 3456 952 3520 sim
981 3454 1307 3540 spoliatus,
1338 3476 1471 3519 non
1501 3455 1711 3520 solum
1741 3454 1895 3539 quia
1923 3476 2056 3518 non
2084 3453 2365 3538 ignoraS,
2408 3456 2519 3519 sed
2558 3455 2755 3519 etiam
2783 3477 2873 3518 ne

456 3559 742 3641 scindam
784 3557 919 3644 ipse
962 3558 1248 3624 dolorem
1290 3579 1529 3623 meum.
1620 3556 1771 3623 Hoc
1815 3558 2140 3638 conflrm0‚
2186 3580 2395 3643 neque
2439 3556 2639 3623 tantis
2681 3556 2874 3624 bonis

459 3782 585 3828 enim
615 3779 797 3842 qladiia
827 3784 994 3829 tecum
1031 3783 1091 3827 ut
1122 3793 1297 3827 mecum
1335 3779 1418 3826 sod
1447 3779 1613 3827 litibus
1713 3778 1862 3829 effect
1890 3796 1976 3844 my
1998 3779 2185 3830 mental
2212 3778 2629 3842 faculties—nay,
2658 3777 2717 3828 of
2743 3777 2870 3828 such

458 3851 644 3907 aqetur.
714 3842 837 3892 This
879 3842 1047 3892 would
1101 3842 1214 3906 give
1257 3858 1323 3892 an
1366 3842 1613 3893 excellent
1712 3860 1743 3892 a
1781 3850 1958 3894 nature
1996 3861 2052 3894 as
2085 3850 2140 3894 to
2176 3844 2321 3893 make
2355 3860 2434 3893 me
2468 3843 2569 3893 feel
2607 3842 2872 3893 distressed

460 3925 601 3959 sense
634 3909 733 3958 and
767 3914 978 3958 account
1012 3908 1093 3957 for
1124 3907 1209 3957 the
1242 3906 1523 3970 corruption
1556 3908 1613 3957 of
1712 3909 1823 3958 that
1845 3909 1873 3958 1
1895 3909 2024 3960 have
2045 3925 2112 3959 no
2133 3909 2309 3973 sphere
2338 3925 2394 3959 or
2414 3909 2605 3973 society
2625 3908 2680 3957 in
2701 3906 2871 3957 which

458 3973 546 4024 the
577 3990 667 4023 ms.
1711 3978 1764 4024 to
1817 3975 2014 4039 display
2067 3974 2153 4024 the
2209 3974 2389 4039 vigour
2440 3974 2498 4024 of
2546 3989 2633 4038 my
2681 3973 2871 4023 mental

1778 4040 1939 4089 were!

529 4107 573 4152 l.
610 4103 830 4166 obiurqaae
842 4108 899 4150 ut
919 4100 1034 4168 sim]
1091 4104 1203 4165 ‘try
1224 4107 1276 4150 to
1299 4100 1508 4164 upbraid
1529 4117 1610 4152 me
1709 4053 2049 4170 poincolnmie]
2121 4104 2205 4153 ‘in
2243 4104 2328 4153 the
2373 4102 2664 4168 enjoyment
2701 4101 2758 4152 of
2800 4102 2874 4151 all

459 4166 568 4216 into
587 4166 776 4231 being,'
807 4173 820 4196 ⁸
838 4183 961 4231 urge
990 4182 1069 4216 me
1098 4165 1223 4216 with
1246 4166 1535 4229 reproaches
1556 4172 1609 4216 to
1713 4183 1839 4231 your
1890 4169 2011 4218 civil
2057 4169 2253 4233 rights.’
2323 4169 2638 4217 Incolumitao
2679 4167 2724 4217 is
2777 4183 2870 4231 op·

458 4232 559 4282 be.'
1710 4235 1859 4295 posed
1880 4241 1932 4283 to
1964 4238 2230 4283 calamitas.

669 4312 699 4344 a
731 4294 966 4361 Varrone]
1016 4301 1029 4324 ⁸
1044 4295 1131 4345 the
1153 4310 1436 4345 assui-ancos
1457 4294 1611 4347 about
1775 4299 2009 4364 scindam]
2062 4306 2137 4349 ‘to
2159 4315 2285 4361 open
2307 4314 2338 4347 a
2358 4298 2542 4348 wound
2558 4315 2570 4346 ε
2585 4296 2599 4321 ’
2627 4296 2694 4347 cf.
2723 4296 2869 4346 Fam.

457 4360 543 4411 the
565 4361 696 4411 view
717 4360 772 4410 of
794 4360 852 4409 P.
880 4360 1045 4410 which
1068 4376 1169 4425 you
1191 4376 1281 4424 say
1303 4359 1461 4410 Varro
1482 4377 1609 4425 gave
1713 4378 1761 4411 v.
1807 4364 1883 4423 17,
1924 4369 1972 4423 4,
2012 4380 2072 4412 ne
2108 4366 2329 4428 refricem
2356 4398 2368 4411 .
2398 4399 2411 4411 .
2440 4400 2453 4412 .
2480 4365 2688 4411 dolorem
2711 4368 2865 4423 tuum,

457 4425 595 4491 you)
1711 4427 1876 4477 which
1891 4428 1935 4478 is
1946 4428 2056 4492 just
2069 4429 2155 4478 the
2177 4444 2312 4478 same
2330 4445 2385 4478 as
2401 4427 2676 4477 vulneribus
2696 4442 2876 4475 manu

520 4494 568 4540 2.
606 4505 679 4538 me
700 4491 773 4538 ita
793 4491 960 4550 dolere,
986 4489 1068 4555 ut]
1137 4492 1152 4518 ‘
1172 4489 1282 4540 that
1304 4506 1390 4554 my
1408 4489 1608 4540 distr-ess
1708 4494 1909 4554 affin-am
1933 4493 2109 4543 below.
2181 4496 2464 4542 Rescinaam
2489 4493 2533 4542 is
2563 4509 2595 4542 a
2620 4490 2869 4555 plausible

453 4555 496 4605 is
526 4555 582 4605 of
610 4553 733 4604 such
761 4569 793 4604 a
823 4560 1001 4604 nature
1030 4571 1085 4604 as
1114 4561 1203 4605 not
1222 4554 1277 4605 in
1298 4555 1385 4606 the
1406 4555 1533 4606 least
1553 4563 1608 4606 to
1708 4556 1800 4606 but
1822 4559 2044 4609 needless
2065 4559 2365 4623 conjecture.
