3229 5145
502 469 637 533 204
1195 469 1343 534 ΕΡ.
1391 468 1636 534 XXII.
1691 469 1923 554 (ATT.
1971 470 2034 535 I.
2081 470 2218 555 16.)

511 644 731 726 ἀρετῆς
760 647 1116 727 μιμνήσκεο,
1151 665 1427 727 curaque
1467 645 1534 708 et
1571 644 1767 723 effice,
1806 646 1882 708 ut
1918 644 2000 708 ab
2042 643 2341 710 omnibus
2379 648 2447 711 et
2475 643 2815 709 laudemur
2851 647 2920 708 et

502 769 815 812 amemur.
906 748 966 810 2.
1014 745 1145 810 His
1193 746 1274 810 de
1323 744 1513 812 rebus
1562 746 1753 831 plura
1804 748 1888 810 ad
1937 752 2004 811 te
2053 746 2123 811 in
2175 770 2252 812 ea
2302 747 2574 834 epistola
2624 746 2918 825 scribam,

502 873 702 936 quam
748 851 871 936 ipsi
914 850 1162 921 Quinto
1205 848 1389 914 dabo.
1484 849 1588 914 Tu
1632 872 1735 915 me
1775 849 1970 915 velim
2010 849 2342 917 certiorem
2394 850 2595 917 facias
2636 850 2793 936 quid
2838 850 2921 914 de

506 953 667 1020 meis
706 952 1033 1019 mandatis
1071 953 1277 1039 egeris
1320 957 1514 1039 atque
1552 953 1751 1019 etiam
1790 953 1948 1039 quid
1994 955 2076 1020 de
2113 958 2229 1020 tuo
2267 955 2547 1042 negotio.
2635 953 2816 1020 Nam
2842 958 2920 1019 ut

504 1054 857 1123 Brundisio
896 1056 1221 1143 profectus
1261 1079 1344 1135 es,
1387 1056 1606 1122 nullae
1649 1055 1815 1122 mihi
1859 1055 1972 1123 abs
2014 1060 2080 1122 te
2123 1061 2278 1125 sunt
2320 1058 2612 1125 redditae
2644 1058 2916 1124 litterae.

505 1159 720 1227 Valde
748 1182 903 1228 aveo
933 1160 1091 1227 scire
1119 1160 1276 1246 quid
1307 1180 1481 1247 agas.
1573 1157 1807 1226 Idibus
1834 1159 2112 1227 Martiis.

799 1514 1043 1580 XXII.
1136 1513 1252 1579 ΤΟ
1298 1511 1720 1593 ATTICUS,
1769 1535 1840 1578 IN
1888 1513 2151 1581 Ermus
2205 1514 2396 1601 (A'rr.
2430 1538 2476 1581 1.
2514 1517 2623 1601 16.)

970 1740 1175 1798 ROME,
1220 1739 1284 1783 A.
1319 1739 1387 1782 U.
1422 1739 1475 1783 C.
1509 1737 1647 1798 6933
1697 1739 1758 1782 B.
1793 1739 1845 1783 C.
1881 1738 1982 1798 613
2030 1739 2182 1783 AET.
2217 1740 2335 1785 clo.
2369 1738 2454 1787 45.

604 1921 680 1971 M.
708 1921 879 1972 Cicero
909 1920 1113 1984 exponit
1134 1922 1195 1970 de
1216 1919 1526 1983 turpitudine
1546 1919 1736 1983 iudicii,
1764 1937 1863 1986 quo
1896 1921 1955 1970 P.
1976 1920 2178 1972 Clodius
2208 1921 2464 1972 absolutus
2486 1920 2581 1972 sit:
2619 1926 2730 1971 tum
2750 1920 2924 1972 scribit

504 2003 568 2052 de
597 2008 731 2052 statu
763 2003 835 2052 rei
866 2001 1094 2064 publicae
1126 2006 1178 2052 et
1211 2017 1360 2067 quem
1393 2002 1458 2052 ad
1486 2002 1688 2052 modum
1721 2002 1827 2066 ipse
1860 2018 1976 2052 cum
2005 2002 2194 2053 iudices
2225 2002 2284 2052 P.
2311 2002 2473 2054 Clodii
2504 2006 2556 2054 et
2587 2001 2662 2052 M.
2689 2001 2923 2053 Pisonem

503 2089 616 2133 tum
647 2082 704 2132 P.
734 2082 963 2133 Clodium
995 2083 1239 2133 sententia
1260 2099 1350 2133 sua
1372 2089 1423 2133 et
1443 2082 1761 2133 altercatione
1782 2083 1838 2133 in
1860 2089 2034 2135 senatu
2066 2083 2363 2135 conciderit:
2400 2085 2517 2134 dein
2548 2084 2609 2134 de
2641 2098 2733 2134 suo
2764 2088 2915 2147 statu,

505 2164 568 2214 de
602 2165 964 2228 exspectatione
998 2164 1325 2225 comitiorum,
1360 2166 1421 2214 de
1453 2164 1630 2214 itinere
1664 2164 1822 2214 Attici
1855 2164 1912 2214 in
1943 2164 2116 2215 Asiam
2150 2165 2436 2228 constituto,
2473 2166 2534 2215 de
2566 2164 2785 2215 eiusdem
2817 2164 2920 2229 epi·

506 2246 791 2310 grammatis
822 2244 878 2295 in
908 2245 1171 2295 Amaltheo
1203 2245 1377 2309 positis
1408 2252 1461 2295 et
1492 2245 1605 2297 aliis
1637 2245 1845 2310 privatis
1876 2246 2108 2310 negotiis.

1332 2427 1596 2483 CICERO
1632 2426 1898 2483 ATTICO
1935 2427 2088 2483 SAL.

642 2585 701 2648 l.
751 2584 1024 2655 Quaeris
1061 2607 1143 2651 ex
1182 2606 1287 2650 me
1325 2586 1485 2670 quid
1525 2583 1827 2650 acciderit
1862 2585 1944 2651 de
1983 2583 2241 2664 iudicio,
2272 2582 2447 2669 quod
2488 2586 2627 2648 tam
2667 2585 2923 2668 praeter

507 2687 876 2773 opinionem
919 2689 1209 2753 omnium
1257 2688 1504 2754 factum
1549 2690 1655 2769 sit,
1703 2691 1770 2754 et
1818 2687 2013 2753 simul
2055 2687 2152 2753 vis
2191 2685 2349 2752 scire
2392 2707 2520 2771 quo
2563 2687 2757 2752 modo
2800 2707 2921 2770 ego

506 2791 724 2856 minus
753 2813 949 2876 quam
979 2791 1217 2856 soleam
1244 2791 1594 2877 proeliatus
1623 2790 1782 2857 sim:
1828 2788 2222 2877 respondebo
2262 2788 2385 2856 tibi
2413 2789 2677 2875 ὕστερον
2699 2791 2920 2874 πρότε-

507 2923 647 2980 ρον,
666 2892 1037 2979 Ὁμηρικῶς.
1128 2893 1278 2979 Ego
1309 2894 1501 2974 enim,
1534 2916 1734 2981 quam
1770 2894 1886 2960 diu
1926 2897 2185 2960 senatus
2225 2891 2571 2959 auctoritas
2607 2891 2771 2957 mihi
2810 2891 2919 2959 de-

508 3129 752 3179 brother’s
789 3128 1053 3178 harshness
1091 3127 1147 3178 of
1180 3133 1383 3193 temper.
1453 3131 1523 3180 At
1559 3128 1661 3180 this
1761 3137 1878 3196 puts
1920 3137 2023 3182 two
2066 3128 2317 3196 questions
2366 3128 2474 3179 into
2516 3127 2604 3178 the
2648 3127 2823 3178 mouth
2864 3129 2920 3178 of

508 3195 628 3244 time
659 3193 830 3243 Cicero
863 3209 1020 3243 seems
1054 3200 1107 3242 to
1140 3192 1269 3242 have
1301 3194 1518 3259 thought
1549 3195 1664 3245 that
1761 3196 1978 3256 Atticus,
2003 3198 2101 3246 and
2132 3211 2246 3260 says
2272 3195 2336 3245 he
2357 3193 2464 3244 will
2485 3193 2595 3243 first
2619 3209 2814 3243 answer
2833 3192 2920 3243 the

509 3259 707 3308 Atticus
749 3257 915 3308 would
970 3273 1236 3321 accompan
1315 3257 1394 3308 his
1442 3260 1659 3310 brother.
1760 3260 1910 3311 latter
1944 3262 2187 3326 question,
2227 3258 2492 3334 according
2533 3263 2587 3309 to
2630 3257 2717 3308 the
2761 3258 2921 3322 figure

510 3324 671 3373 These
709 3323 870 3372 words
912 3338 996 3372 are
1038 3323 1191 3372 taken
1260 3339 1365 3373 rom
1400 3323 1553 3374 Hom.
1591 3324 1658 3375 Il.
1765 3326 1974 3388 ὕστερον
1994 3326 2145 3390 πρότε
2177 3319 2439 3386 ov,⁴which
2468 3339 2512 3372 is
2540 3339 2597 3372 so
2625 3322 2777 3372 much
2799 3324 2920 3373 used

509 3388 636 3437 xxii.
676 3390 789 3437 268.
855 3385 952 3437 We
993 3387 1155 3437 would
1198 3388 1439 3454 probably
1476 3390 1532 3439 in
1574 3390 1662 3440 the
1762 3388 1834 3455 by
1850 3390 2057 3440 Homer.
2118 3344 2200 3439 lie
2217 3390 2332 3450 had,
2350 3387 2587 3452 possibly,
2610 3386 2667 3436 in
2687 3387 2767 3437 his
2782 3387 2919 3437 mind

509 3454 612 3502 like
661 3467 772 3502 case
827 3467 931 3515 say,
984 3451 1134 3565 ‘gud
1192 3468 1257 3515 up
1312 3469 1439 3518 your
1490 3454 1656 3504 loine.'
1760 3454 1849 3505 the
1891 3454 2128 3505 Homeric
2164 3470 2254 3503 use
2296 3454 2353 3503 of
2394 3453 2480 3503 the
2515 3453 2676 3517 figure
2715 3454 2921 3518 ὕστερον

512 3517 804 3573 Quotations
838 3516 969 3567 from
1059 3533 1209 3579 omer,
1243 3517 1407 3568 which
1439 3534 1522 3568 are
1554 3521 1660 3570 fre-
1761 3520 2001 3584 πρότερον
2037 3520 2093 3569 in
2124 3518 2247 3568 such
2278 3518 2481 3595 phrases
2510 3534 2566 3567 as
2597 3516 2836 3593 γαμέοντί
2861 3537 2920 3567 τε

510 3588 667 3647 quent
686 3581 741 3631 in
762 3581 848 3631 the
870 3583 1055 3642 letters,
1072 3598 1155 3631 are
1177 3583 1286 3632 best
1306 3584 1574 3634 translated
1592 3586 1663 3650 by
1763 3585 2039 3648 γιγνομένῳ
2061 3604 2119 3635 τε
2143 3583 2257 3646 (Od.
2282 3599 2355 3633 iv.
2378 3584 2522 3645 208);
2546 3580 2640 3632 but
2659 3587 2703 3631 it
2722 3581 2766 3631 is
2786 3596 2922 3632 more

510 3647 713 3711 parallel
734 3662 965 3711 passages
994 3647 1124 3697 from
1152 3662 1242 3696 our
1270 3647 1436 3698 ballad
1465 3658 1659 3714 poetry,
1764 3650 1998 3712 probable
2040 3649 2151 3699 that
2194 3648 2367 3698 Cicero
2409 3663 2524 3697 uses
2578 3647 2718 3696 these
2760 3647 2923 3697 words

511 3712 659 3761 when
681 3711 804 3775 they
818 3728 913 3761 can
935 3712 996 3761 be
1016 3712 1206 3771 found;
1233 3729 1304 3773 es,
1325 3713 1406 3762 for
1420 3713 1661 3776 instance,
1762 3722 1816 3764 to
1853 3713 2073 3764 describe
2106 3714 2195 3764 the
2230 3718 2308 3763 art
2341 3713 2412 3777 by
2443 3711 2610 3762 which
2645 3711 2837 3761 Homer
2866 3713 2922 3759 in

510 3781 539 3826 ὁ
564 3779 604 3826 δ’
628 3779 714 3827 οὐκ
739 3777 983 3840 ἐμπάζετο
1005 3776 1180 3839 μύθων,
1206 3783 1218 3804 ‘
1235 3777 1366 3828 little
1395 3779 1459 3828 he
1483 3780 1664 3829 recked
1766 3781 1944 3828 medias
1986 3796 2064 3827 res
2105 3781 2218 3828 Non
2268 3794 2400 3826 seem
2441 3794 2498 3825 ac
2539 3782 2677 3825 notas
2731 3779 2920 3824 audito-

512 3857 601 3906 my
619 3842 762 3891 rede’
792 3843 919 3904 (Att.
942 3841 1011 3890 iv.
1040 3843 1085 3904 7,
1112 3846 1179 3902 3).
1767 3860 1867 3892 rem
1894 3847 2046 3905 rapit.
2114 3842 2253 3892 Thus
2282 3842 2368 3892 the
2392 3841 2620 3907 Odyssey
2640 3841 2923 3891 introduces

579 3911 627 3956 2.
664 3906 743 3970 ut]
813 3911 826 3933 ‘
844 3907 1014 3968 since,'
1063 3923 1094 3956 a
1134 3908 1368 3971 frequent
1414 3923 1569 3973 usage
1610 3908 1668 3958 in
1772 3906 1977 3974 Ulysses
2014 3909 2069 3956 in
2103 3908 2191 3958 the
2234 3907 2377 3957 tenth
2411 3921 2533 3971 year
2574 3905 2631 3955 of
2671 3906 2752 3955 his
2787 3921 2921 3955 wan·

513 3971 598 4021 the
620 3972 789 4021 letters
818 3973 917 4021 and
948 3971 1004 4020 in
1036 3971 1121 4021 the
1154 3972 1308 4022 comic
1338 3974 1524 4036 drama,
1553 3989 1596 4023 e.
1610 3990 1661 4038 g.
1769 3974 1966 4037 derings
1995 3974 2051 4022 in
2083 3973 2169 4022 the
2197 3972 2359 4021 island
2384 3972 2440 4021 of
2462 3970 2694 4035 Calypso,
2717 3971 2816 4020 and
2843 3969 2924 4019 his

515 4037 593 4086 Pl.
619 4036 733 4085 Mil.
759 4036 812 4085 ii.
844 4041 886 4095 1,
915 4039 993 4088 37.
1767 4038 1998 4101 previous
2027 4039 2324 4087 adventures
2352 4052 2436 4086 am
2463 4036 2651 4087 related
2677 4035 2735 4085 in
2754 4034 2922 4084 subse-

1769 4109 1925 4167 quent
1946 4102 2115 4153 books.
2184 4103 2274 4166 Cp.
2301 4102 2388 4150 ubi
2411 4102 2475 4151 ab
2496 4100 2656 4150 initiis
2676 4099 2920 4162 incipien-

583 4171 628 4216 1.
665 4168 786 4228 quid
805 4168 1031 4215 acciderit
1052 4168 1107 4215 de
1129 4166 1328 4231 iudicio]
1386 4170 1400 4194 ‘
1416 4166 1553 4217 what
1574 4183 1669 4217 can
1769 4173 1902 4231 dum,
1929 4167 2016 4216 ubi
2038 4183 2162 4216 more
2182 4169 2434 4216 Homerico
2455 4182 2484 4216 e
2504 4166 2681 4215 mediis
2698 4164 2779 4215 vel
2801 4164 2920 4213 ulti-

514 4230 642 4280 have
665 4232 881 4281 befallen
902 4231 988 4281 the
1010 4230 1125 4281 trial
1142 4231 1199 4280 of
1215 4231 1431 4294 Clodius,
1453 4239 1506 4282 to
1522 4233 1669 4296 bring
1768 4235 1878 4293 mis,
1918 4231 2129 4287 Quintil.
2152 4231 2241 4282 vii.
2286 4235 2362 4287 10.
2402 4235 2458 4279 11
2481 4248 2496 4291 ;
2542 4229 2761 4280 succurit
2791 4230 2923 4294 quod

515 4296 668 4345 about
700 4296 823 4345 such
854 4312 919 4345 an
950 4296 1259 4359 unexpected
1288 4295 1541 4346 verdict?’
1595 4301 1668 4362 (as
1768 4297 2116 4360 praeterieram
2142 4334 2154 4345 .
2195 4333 2208 4346 .
2246 4332 2259 4345 .
2282 4297 2368 4346 sed
2394 4312 2680 4358 quamquam
2694 4310 2920 4356 praepos·

516 4361 596 4410 his
645 4361 922 4471 ”cwimn'
1009 4363 1141 4418 Quod
1190 4361 1234 4409 is
1285 4360 1370 4411 the
1424 4361 1665 4425 conjunc·
1771 4369 1867 4411 tere
1899 4363 2159 4412 reddetur:
2197 4361 2333 4424 facit
2372 4363 2457 4410 hoo
2489 4362 2745 4422 Homerus,
2787 4358 2920 4408 Plin.

515 4427 639 4476 tion.
777 4425 853 4474 ith
896 4424 998 4474 this
1036 4426 1181 4475 letter
1225 4424 1403 4475 should
1446 4426 1508 4476 be
1552 4428 1669 4477 read
1769 4425 1900 4490 Epp.
1924 4425 1998 4475 iii.
2023 4429 2070 4488 9,
2098 4430 2180 4475 28.

512 4491 719 4551 Seneca,
747 4489 906 4553 Epist.
935 4489 1064 4539 Mor.
1089 4491 1193 4540 xvi.
1223 4494 1251 4539 2
1279 4491 1400 4556 (97).
1833 4498 2026 4540 senatus
2044 4489 2330 4556 auctoritas]
2395 4496 2451 4537 ut
2472 4492 2677 4539 con-mla
2690 4489 2924 4550 populum

582 4555 787 4620 ὕστερον
827 4553 1082 4620 πρότερον,
1126 4556 1421 4623 Ὁμηρικῶς]
1499 4552 1671 4607 Cicero
1769 4556 2131 4606 cohortarentur
2163 4557 2230 4605 ad
2258 4557 2551 4618 roqationem
2583 4555 2921 4617 accipiendam.
