3229 5145
535 462 659 526 104
1348 460 1471 526 IN
1472 457 1716 525 TROD
1729 458 1795 524 U
1792 458 1955 525 ΟΤΙ
1955 458 2098 525 ΟΝ.

624 631 676 683 N
676 648 732 685 88
763 632 820 683 in
851 633 1000 684 caede
1032 630 1311 698 principum
1340 630 1708 683 clementiorem
1727 630 1864 681 hunc
1892 629 2001 682 fore
2030 645 2181 697 quam
2203 628 2366 681 Cinna
2384 629 2556 695 fuerit,
2593 645 2685 682 nec
2706 629 2935 683 modera-

526 713 706 766 tiorem
726 729 880 780 quam
902 713 1044 766 Sulla
1063 713 1120 764 in
1140 712 1368 778 pecuniis
1388 712 1711 777 locupletum.
1779 713 1908 776 (Διῒ.
1928 711 2019 763 vii.
2047 713 2093 776 7,
2118 711 2189 778 7.)
2428 761 2439 772 ,

624 794 913 861 Numquam
933 794 1148 859 improbi
1168 794 1302 846 cives
1322 794 1608 846 habuerunt
1628 792 1923 858 paratiorem
1945 793 2139 844 ducem.
2211 791 2374 858 (Fam.
2398 792 2506 844 xvi.
2533 796 2613 856 11,
2638 794 2708 857 3.)

624 880 792 941 Χρεῦν
823 876 1091 939 ἀποκοπὰς,
1124 876 1358 942 φυγάδων
1385 876 1639 938 neubon,
1672 881 1893 926 sescenta
1913 873 2013 926 alia
2028 874 2213 925 scelera
2232 873 2415 924 moliri.
2487 874 2612 939 (Att.
2636 874 2726 925 vii.
2754 877 2836 936 11,
2864 875 2931 940 1.)

623 957 786 1008 Mirus
819 957 1068 1009 invaserat
1103 960 1247 1009 furor
1275 973 1378 1009 non
1418 957 1579 1008 solum
1614 955 1975 1022 improbiteed
2008 954 2160 1007 etiam
2192 954 2274 1006 hia
2311 955 2400 1021 qui
2432 955 2553 1007 boni
2585 955 2837 1007 habentur
2873 962 2935 1007 ut

529 1054 756 1105 pugnare
777 1044 1029 1104 cuperent.
1100 1037 1262 1105 (Fam.
1286 1037 1393 1089 xvi.
1422 1043 1500 1101 12,
1526 1039 1598 1104 2.)

624 1118 929 1171 Foediaaima
948 1136 1115 1171 causa.
1165 1120 1289 1185 (Act.
1315 1119 1405 1170 vii.
1431 1123 1480 1181 9,
1506 1121 1577 1184 3.)

624 1200 727 1259 Qui
746 1200 828 1252 hic
848 1207 1013 1266 potest
1043 1217 1096 1253 88
1128 1217 1299 1267 gerere
1331 1217 1433 1252 non
1459 1199 1650 1265 perdite
1667 1201 1693 1250 Ρ
1767 1201 1943 1252 rotant
1972 1198 2095 1261 vita,
2130 1214 2307 1261 morea,
2343 1205 2460 1250 ante
2483 1198 2637 1262 facta,
2667 1197 2796 1251 ratio
2815 1214 2929 1249 aua·

526 1280 660 1348 cepti
681 1281 888 1348 negotii,
915 1280 1055 1345 coeii,
1077 1282 1210 1334 vires
1227 1280 1468 1335 bonorum
1487 1286 1579 1332 aut
1603 1280 1758 1333 etiam
1778 1279 2099 1332 constantia?
2164 1280 2289 1345 (Att.
2314 1280 2387 1333 ix.
2415 1282 2494 1343 za,
2520 1279 2592 1345 2.)

623 1363 1245 1415 Ardetfuroreetaoelere
1279 1400 1293 1413 .
1335 1399 1349 1413 .
1389 1400 1403 1414 .
1435 1379 1528 1414 nec
1552 1360 2600 1427 iamrecuaateedquodammodopoetulat
2622 1367 2696 1421 ut,
2722 1360 2927 1427 gemad-

532 1445 733 1496 modum
755 1450 848 1508 est,
871 1443 942 1496 818
963 1444 1116 1497 etiam
1136 1444 1413 1510 appelletur
1431 1450 1693 1510 tyrannus.
1766 1445 1890 1509 (Att.
1912 1461 1965 1494 x.
1990 1447 2042 1506 4,
2069 1444 2140 1508 2.)

647 1577 761 1657 (2).
806 1576 1015 1637 088881·
1051 1575 1103 1636 18
1143 1576 1329 1636 called
1356 1576 1622 1651 perditus
1661 1577 1796 1635 81·οὼ
1825 1576 1984 1654 (Att.
2011 1574 2292 1655 vii.13);
2321 1574 2741 1651 perditi-scimur
2768 1575 2928 1653 (Att.

526 1671 653 1732 viii.
684 1673 787 1750 2);
830 1676 1102 1748 tyrannus
1128 1671 1285 1750 (Att.
1314 1671 1416 1731 vii.
1448 1676 1544 1744 20,
1587 1671 1704 1731 and
1732 1671 1997 1751 partim).
2066 1671 2182 1731 Hie
2220 1670 2470 1731 conduct
2493 1670 2545 1729 18
2556 1670 2731 1745 saror
2768 1671 2928 1749 (Att.

526 1766 630 1828 vii.
666 1768 786 1846 14),
816 1768 932 1828 and
956 1767 1127 1826 eodm
1152 1767 1436 1845 (pastina).

654 1929 768 2006 (3).
810 1927 908 1987 He
939 1925 1113 1987 could
1138 1930 1244 1986 not
1267 1926 1394 1987 face
1419 1927 1523 1986 the
1550 1926 1747 1986 odium
1774 1926 1838 1985 of
1863 1928 2005 1986 811811
2035 1947 2070 1987 8
2095 1946 2312 1987 course.

628 2072 850 2136 αἷδέομαι
869 2077 1047 2138 rpem,
1073 2088 1166 2124 nec
1187 2072 1347 2124 aolum
1368 2071 1495 2123 civia
1517 2074 1604 2124 aed
1625 2072 1778 2124 etiam
1797 2072 1948 2123 amici
1968 2073 2130 2125 officio
2150 2088 2368 2124 revocor.
2442 2073 2564 2138 (Att.
2590 2072 2677 2122 vii.
2704 2075 2780 2135 12,
2805 2071 2878 2139 3.)

626 2153 791 2205 Audio
826 2191 839 2204 .
879 2188 893 2202 .
926 2153 1055 2205 hanc
1098 2155 1463 2205 cunctationem
1492 2160 1711 2205 nostram
1741 2170 1843 2205 non
1873 2154 2087 2220 probari,
2125 2154 2381 2220 multaque
2407 2153 2461 2204 in
2489 2170 2569 2204 me
2596 2159 2650 2205 et
2677 2167 2844 2205 severe
2875 2155 2931 2203 in

533 2233 779 2286 conviviis
799 2234 1107 2299 tempestivis
1129 2235 1328 2301 quidem
1348 2236 1623 2300 disputari3
1657 2237 1889 2287 cedamus
1909 2236 2066 2301 igitur
2129 2236 2254 2300 (Att.
2276 2235 2351 2285 ix.
2380 2238 2425 2299 1,
2452 2237 2523 2300 3.)

628 2316 678 2366 N
679 2332 736 2367 ec
768 2315 903 2369 enim
925 2316 1056 2368 ferre
1077 2323 1248 2381 potero
1268 2332 1516 2368 aermonea
1535 2317 1745 2368 istorum
1776 2317 2062 2383 quicunque
2093 2324 2375 2369 aunt—non
2402 2323 2522 2368 eunt
2544 2315 2680 2368 enim
2711 2321 2842 2368 certe
2873 2322 2935 2366 ut

529 2398 845 2463 appellantur
865 2398 998 2450 boni.
1070 2398 1195 2464 (Att-
1220 2398 1292 2451 ix.
1320 2402 1399 2462 20,
1428 2399 1495 2463 3.)

654 2539 769 2619 (4).
813 2539 897 2601 Το
921 2538 1048 2621 join
1077 2541 1287 2602 088881·
1310 2540 1511 2603 would
1538 2542 1609 2602 be
1638 2540 2068 2602 dishonourablo.

578 2773 611 2787 ..
627 2693 730 2745 Fac
750 2710 892 2758 poene
912 2700 1057 2757 tuto;
1093 2695 1240 2747 multi
1260 2694 1394 2746 enim
1415 2694 1694 2747 hortantur.
1760 2696 1900 2747 Num
1919 2695 2072 2748 etiam
2092 2696 2293 2747 honeste
2309 2697 2334 2746 Ρ
2385 2694 2542 2746 Nullo
2560 2696 2721 2746 modo.
2803 2694 2933 2760 (Att-

541 2776 987 2908 maza-Lem
1008 2861 1086 2908 eet
1104 2857 1321 2915 manaim
1353 2857 1605 2909 honestior
1626 2858 1940 2910 existimatur
1958 2857 2199 2910 uaiectio.
2265 2857 2402 2908 Malo
2421 2857 2672 2909 interdum
2692 2855 2840 2909 multi
2852 2872 2933 2908 me

535 2951 637 2988 non
658 2943 821 3000 caute,
848 2953 996 3004 quam
1020 2937 1169 3002 pauci
1189 2954 1288 2989 non
1311 2938 1531 2998 honeste,
1556 2938 1735 2990 fecisse
1756 2939 2056 2991 existiment.
2131 2939 2254 3004 (Att.
2280 2938 2388 2990 viii.
2418 2941 2492 3001 15,
2521 2941 2593 3002 2.)

630 3016 765 3075 Quid
785 3025 976 3069 rectum
999 3018 1067 3070 ait
1087 3024 1320 3083 apparet;
1357 3018 1480 3085 quid
1501 3019 1733 3085 expediat
1753 3021 2017 3072 obscurum
2039 3026 2130 3072 eat.
2203 3020 2364 3085 (Fam.
2387 3035 2438 3070 v.
2466 3023 2541 3082 19,
2569 3020 2638 3084 2.)

629 3099 710 3151 Ab
732 3099 835 3150 illia
855 3105 932 3151 eat
951 3098 1245 3164 periculum,
1270 3099 1316 3150 81
1336 3115 1539 3164 peccaro
1559 3118 1573 3162 ;
1608 3101 1673 3151 ab
1693 3100 1804 3163 hoc,
1830 3101 1876 3152 81
1895 3108 2028 3153 recte
2049 3100 2230 3153 fecero.
2299 3101 2422 3166 (Att-
2445 3118 2499 3151 x.
2523 3103 2574 3163 8,
2597 3102 2672 3165 6.)

1701 3284 1773 3343 V.

652 3426 737 3486 Ae
766 3427 965 3488 Cicero
990 3428 1043 3488 18
1067 3432 1172 3489 not
1197 3428 1363 3489 blind
1387 3431 1451 3488 to
1477 3430 1582 3489 the
1611 3429 1976 3489 weakneesea
2003 3429 2065 3488 of
2089 3427 2399 3506 Pompeius
2426 3427 2541 3487 and
2566 3427 2660 3486 1118
2685 3427 2826 3499 side,
2870 3447 2934 3487 88

532 3523 609 3582 118
635 3523 855 3601 clearly
875 3523 1133 3583 discerne
1158 3525 1260 3584 the
1287 3528 1488 3600 strong
1512 3525 1711 3601 pointe
1729 3525 1791 3584 in
1815 3524 2072 3585 Gaesar'e
2100 3525 2349 3584 conduct
2370 3523 2485 3583 and
2504 3524 2824 3596 character,
2849 3543 2932 3597 88,

531 3617 626 3677 ior
649 3618 931 3690 instance,
962 3618 1057 3678 hia
1082 3620 1377 3679 tolerance
1405 3621 1520 3680 and
1544 3620 1687 3680 wine
1712 3621 2086 3681 moderation.

632 3749 688 3800 Si
709 3748 986 3802 mehercule
1010 3750 1260 3802 neminem
1284 3750 1535 3813 occiderit,
1559 3767 1654 3802 nec
1682 3752 1914 3818 cuiquam
1944 3751 2219 3818 quidquam
2245 3751 2499 3811 ademerit,
2522 3750 2586 3801 ab
2606 3749 2687 3801 hia
2708 3750 2797 3817 qui
2815 3765 2934 3802 eum

532 3831 748 3884 maxime
767 3830 1035 3883 timuerant
1055 3833 1268 3885 maxime
1289 3832 1541 3899 diligetur.
1613 3834 1737 3898 (Att.
1764 3833 1872 3884 viii.
1903 3836 1982 3896 13,
2010 3836 2078 3898 1.)

653 3956 731 4018 So
777 3958 914 4027 that
957 3958 1009 4018 it
1032 3978 1155 4020 was
1195 3963 1301 4019 not
1341 3960 1600 4036 through
1644 3979 1681 4020 a
1723 3979 1878 4021 mere
1919 3959 2099 4021 recoil
2129 3959 2281 4020 from
2321 3960 2531 4021 088881·
2564 3959 2699 4020 that
2733 3957 2934 4020 Cicero

532 4054 727 4115 threw
760 4053 999 4114 himself
1031 4054 1158 4114 into
1194 4056 1297 4115 the
1334 4074 1506 4116 cause
1541 4056 1605 4115 of
1638 4056 1967 4134 Pompeius.

650 4150 797 4209 Max
822 4150 1139 4226 Budinger,
1182 4151 1248 4210 in
1284 4171 1359 4211 811
1391 4152 1521 4212 able
1558 4152 1764 4212 article
1799 4173 1875 4212 on
1913 4154 2101 4214 Cicero
2137 4154 2256 4213 und
2278 4152 2376 4214 dor
2400 4152 2706 4227 Patricia,
2735 4151 2935 4213 which

533 4243 664 4305 will
689 4244 1034 4306 afterwards
1059 4248 1132 4307 be
1168 4246 1425 4308 referred
1450 4252 1512 4308 to
1551 4252 1616 4308 at
1643 4252 1873 4325 greater
1896 4249 2122 4326 length,
2152 4250 2259 4309 1188
2297 4249 2502 4309 shown
2528 4249 2691 4309 what
2716 4248 2937 4307 cordial

531 4340 784 4416 ieelinge
830 4342 1058 4402 existed
1103 4344 1246 4403 both
1292 4343 1490 4405 before
1533 4344 1650 4404 and
1695 4344 1848 4404 after
1892 4346 1995 4405 the
2044 4345 2327 4405 outbreak
2373 4344 2436 4403 of
2477 4344 2582 4404 the
2625 4343 2765 4404 civil
2810 4363 2938 4404 war

531 4436 803 4496 between
831 4436 1031 4496 Cicero
1068 4439 1182 4498 and
1210 4439 1437 4511 Caesar,
1481 4444 1588 4498 not
1614 4459 1678 4499 88
1705 4439 2052 4516 politiciane‚
2095 4442 2207 4500 but
2234 4459 2296 4499 88
2335 4459 2469 4499 111811
2508 4440 2571 4499 of
2594 4440 2699 4500 the
2725 4439 2933 4500 world.

534 4534 592 4594 A
615 4531 735 4592 few
760 4531 1082 4593 references
1109 4534 1236 4596 will
1263 4536 1333 4596 be
1361 4535 1651 4595 sufficient
1676 4537 1832 4595 here.
1903 4536 2019 4595 For
2043 4556 2079 4596 8
2103 4535 2440 4597 favour-able
2469 4535 2622 4596 view
2643 4535 2705 4595 oi
2725 4535 2940 4597 Caesar
