3229 5145
435 432 565 497 390
1049 431 1199 497 ΕΡ.
1244 432 1579 497 LXXXI.
1633 431 1726 517 (A
1734 431 1865 497 Tr.
1896 431 2047 496 ΠΙ.
2079 432 2214 516 22.)

435 604 729 692 quotiens
779 609 1081 672 conatum
1124 604 1220 671 ire
1262 604 1336 670 in
1380 603 1680 692 Epirum.
1770 603 1931 691 Spes
1973 602 2223 670 homini
2272 606 2369 670 est
2417 602 2653 669 iniecta
2700 624 2836 670 non

434 710 660 776 eadem
694 732 858 795 quae
896 709 1078 788 mihi,
1111 730 1293 795 posse
1333 729 1454 774 nos
1493 730 1629 775 una
1665 708 2004 774 doeedere:
2051 729 2247 794 quam
2278 730 2418 773 rem
2446 706 2568 773 sibi
2596 728 2838 793 magno

431 810 660 878 honori
705 818 918 899 sperat
974 812 1129 879 fore.
1248 812 1379 878 Sed
1427 811 1581 893 iam,
1635 833 1782 878 cum
1829 812 2176 877 adventare
2227 811 2466 876 milites
2521 810 2838 890 dicentur,

430 916 799 1000 faciendum
838 914 1024 982 nobis
1061 915 1184 982 erit
1220 919 1298 982 ut
1335 915 1419 984 ab
1456 938 1531 982 eo
1570 916 1989 981 discedamus.
2082 914 2273 987 Quod
2317 938 2463 980 cum
2508 914 2838 994 faciemus,

430 1020 514 1084 ad
558 1024 623 1085 te
676 1020 924 1105 statim]
942 1020 1293 1101 mittemus,
1340 1022 1416 1085 ut
1463 1019 1624 1085 scias
1668 1018 1784 1084 ubi
1826 1019 2042 1085 simus.
2133 1021 2195 1084 2.
2243 1018 2565 1084 Lentulus
2607 1040 2722 1084 suo
2765 1018 2839 1084 in

429 1143 547 1188 nos
586 1124 810 1203 officie,
840 1124 1015 1209 quod
1052 1127 1118 1188 et
1153 1145 1224 1188 re
1259 1128 1327 1189 et
1362 1123 1690 1208 promissis
1729 1127 1794 1189 et
1832 1121 2066 1188 litteris
2102 1122 2404 1201 declarat,
2433 1144 2613 1207 spem
2652 1120 2842 1188 nobis

429 1247 561 1292 non
610 1227 862 1292 nullum
913 1227 1125 1291 adfert
1171 1225 1466 1312 Pompeii
1514 1226 1888 1292 voluntatis.
2000 1224 2206 1312 Saepe
2252 1226 2426 1291 enim
2477 1231 2554 1289 tu
2599 1225 2686 1290 ad
2731 1248 2840 1291 me

431 1330 736 1416 scripsisti
773 1353 921 1396 eum
955 1334 1166 1395 totum
1205 1351 1338 1396 esse
1374 1330 1448 1395 in
1482 1329 1662 1396 illius
1698 1333 2033 1416 potestate.
2122 1328 2228 1395 De
2266 1328 2555 1408 Metelle,
2586 1328 2841 1414 scripsit

429 1433 517 1501 ad
563 1455 668 1499 me
718 1433 920 1500 frater
963 1438 1280 1519 quantum
1328 1436 1641 1520 sperasset
1692 1433 2052 1519 profectum
2102 1455 2235 1499 esse
2278 1454 2394 1518 per
2428 1436 2516 1497 te.
2624 1433 2687 1496 3.
2733 1430 2840 1497 Mi

432 1535 771 1623 Pomponi,
802 1560 1025 1624 pugna
1051 1541 1129 1601 ut
1155 1541 1366 1602 tecum
1406 1540 1472 1602 et
1510 1559 1657 1602 cum
1695 1535 1856 1603 meis
1890 1536 2053 1602 mihi
2081 1536 2271 1602 liceat
2298 1535 2513 1601 vivere
2541 1538 2609 1601 et
2636 1533 2841 1601 scribe

434 1641 519 1707 ad
546 1663 649 1706 me
678 1642 914 1707 omnia.
1003 1640 1271 1707 Premor
1301 1640 1484 1706 luctu
1520 1640 1835 1706 desiderio
1865 1640 2156 1706 omnium
2190 1660 2500 1720 meorum,
2532 1638 2646 1725 qui
2674 1636 2838 1704 mihi

433 1765 538 1810 me
565 1746 834 1811 cariores
861 1767 1110 1830 semper
1136 1744 1419 1810 fuerunt.
1511 1744 1685 1809 Cura
1712 1748 1788 1810 ut
1816 1745 2049 1810 valeas.

563 1851 627 1912 4.
676 1848 844 1935 Ego,
877 1849 1068 1933 quod,
1097 1871 1211 1934 per
1238 1846 1636 1914 Thessaliam
1674 1849 1729 1914 si
1768 1848 1931 1914 irem
1970 1848 2043 1913 in
2071 1845 2369 1932 Epirum,
2401 1845 2630 1932 perdiu
2668 1844 2840 1910 nihil

433 1973 610 2016 eram
640 1952 977 2017 auditurus
1015 1956 1081 2017 et
1118 1953 1292 2039 quod
1329 1952 1459 2019 mei
1498 1952 1814 2018 studiosos
1846 1950 2052 2018 habeo
2096 1948 2559 2035 Dyrrachinos,
2603 1948 2689 2013 ad
2731 1971 2841 2015 eos

433 2056 707 2140 perrexi,
781 2078 926 2121 cum
998 2055 1115 2121 illa
1185 2055 1511 2142 superiora
1584 2054 2072 2122 Thessalonicae
2144 2054 2548 2140 scripsissem.
2668 2052 2844 2119 Inde

433 2180 581 2223 cum
639 2160 723 2224 ad
772 2164 838 2225 te
887 2181 992 2224 me
1044 2165 1430 2240 convertam,
1478 2159 1715 2226 faciam
1765 2162 1842 2225 ut
1892 2158 2070 2237 scias,
2119 2163 2319 2243 tuque
2367 2157 2451 2222 ad
2492 2179 2597 2222 me
2641 2155 2842 2222 velim

435 2261 652 2327 omnia
697 2284 892 2348 quam
938 2262 1448 2348 diligentissime,
1500 2262 1886 2329 cuicuimodi
1941 2268 2112 2341 sunt,
2165 2260 2421 2327 scribas.
2510 2259 2660 2348 Ego
2706 2260 2844 2325 iam

431 2370 546 2431 aut
586 2387 724 2430 rem
763 2370 879 2431 aut
917 2388 999 2431 ne
1037 2388 1212 2452 spem
1258 2367 1518 2452 quidem
1557 2370 1871 2453 exspecto.
1961 2365 2139 2431 Data
2183 2386 2256 2430 vl
2299 2363 2454 2430 Kal.
2493 2361 2838 2430 Decembr.

437 2466 801 2554 Dyrrachii.

504 2688 602 2721 una
650 2671 882 2737 decedere]
976 2677 989 2699 ⁴
1012 2678 1066 2723 to
1119 2673 1258 2723 leave
1311 2673 1394 2724 for
1447 2673 1586 2739 Italy
1753 2677 1799 2724 3.
1839 2676 1970 2723 luctu
1991 2672 2242 2738 desiderio]
2309 2671 2336 2720 1
2364 2672 2493 2723 have
2522 2671 2730 2722 omitted
2751 2670 2844 2722 the

442 2738 701 2802 together!
1686 2754 1877 2789 comma
1926 2739 2058 2788 after
2113 2740 2243 2787 luctu
2297 2737 2506 2786 because
2549 2739 2680 2786 luctu
2741 2737 2844 2786 and

503 2801 705 2867 milites]
771 2800 827 2851 of
869 2801 1000 2862 Piso,
1046 2802 1133 2853 the
1174 2803 1346 2853 consul
1386 2804 1442 2853 of
1484 2803 1586 2854 this
1686 2807 1915 2853 desider-io
1964 2819 2046 2853 are
2089 2809 2179 2852 not
2228 2801 2549 2852 emordinate.
2641 2800 2705 2864 ‘21
2759 2817 2844 2851 am

441 2882 582 2980 ypafi
612 2867 726 2981 weldo
766 2883 866 2943 yae
902 2867 1099 2932 coming
1136 2874 1188 2917 to
1230 2867 1309 2917 his
1352 2868 1585 2932 province
1686 2869 1948 2983 appressed
1976 2867 2101 2918 with
2133 2867 2264 2931 grief
2295 2867 2505 2929 throuqk
2530 2872 2693 2930 regret
2716 2863 2837 2927 ἔσῃ’

442 2947 470 2981 ο
584 2948 641 2981 ac
702 2947 834 2982 oma.
1734 2950 1778 2983 c.

506 2995 771 3062 mitte-mm]
865 3000 879 3024 ‘
901 2997 1022 3046 send
1066 2998 1201 3048 word
1248 3005 1301 3048 to
1343 2997 1483 3062 you,'
1532 3014 1587 3049 as
1752 3002 1801 3048 4.
1837 2999 1903 3047 ad
1922 2996 1989 3064 te]
2026 3002 2108 3046 ‘to
2166 3012 2257 3046 our
2275 2995 2585 3060 propertyin
2607 2993 2830 3059 Epirus!

446 3061 553 3111 Att.
577 3060 630 3109 ii.
658 3063 737 3123 25,
764 3064 808 3110 1.
1752 3060 2056 3127 cuiusmodi]
2149 3077 2205 3111 or
2223 3062 2652 3119 mmmmm,-
2678 3059 2733 3109 in
2755 3059 2842 3110 old

510 3128 558 3175 2.
593 3124 721 3201 eum]
792 3128 805 3153 ‘
823 3125 933 3176 that
976 3125 1039 3175 he
1105 3125 1384 3190 Pompeius)
1423 3126 1590 3178 would
1689 3126 1840 3178 Latin
1861 3127 1947 3176 the
1968 3144 1992 3175 ε
2016 3127 2179 3176 would
2205 3126 2267 3176 be
2289 3126 2465 3187 elided,
2492 3127 2591 3175 and
2620 3124 2739 3175 then
2763 3139 2846 3173 we

444 3192 506 3240 do
526 3189 774 3254 anythmg
794 3189 875 3240 for
895 3190 998 3239 him
1015 3190 1028 3214 ’
1060 3191 1077 3256 (
1122 3191 1338 3249 cutinus,
1363 3191 1449 3242 the
1471 3208 1587 3242 con·
1691 3192 1866 3242 should
1899 3191 2027 3241 have
2058 3191 2463 3251 ouiu'euiu'modi,
2485 3189 2652 3240 which
2673 3187 2846 3238 would

445 3255 524 3304 sul
543 3254 624 3304 for
646 3257 756 3311 697,
784 3255 831 3303 b.
850 3271 893 3304 c.
922 3259 982 3308 57
1013 3292 1024 3303 .
1691 3272 1809 3306 soon
1826 3257 2024 3306 become
2039 3258 2320 3304 cuicuimodi
2341 3255 2526 3320 (Boot).
2576 3253 2843 3317 Kennedy,

510 3320 586 3368 De
616 3321 807 3368 Metello
904 3322 918 3346 ‘
1003 3319 1079 3369 ith
1112 3321 1291 3384 regal-d
1322 3325 1376 3372 to
1409 3319 1589 3371 Metel·
1691 3323 1860 3371 Publio
1893 3322 2061 3370 Sehcol
2093 3321 2365 3378 Grammar,
2391 3336 2440 3384 p.
2469 3324 2579 3379 144,
2604 3318 2744 3368 looks
2774 3333 2848 3367 on

444 3384 538 3433 lus·
565 3383 733 3446 Nepos
779 3385 818 3448 (t
854 3400 882 3433 e
925 3384 1067 3434 other
1113 3386 1287 3435 consul
1338 3385 1420 3436 for
1473 3387 1585 3448 697,
1692 3385 2318 3449 cuicuinwdiasagen.1or
2338 3385 2680 3444 miscui-smodi,
2706 3386 2846 3431 ouius

447 3449 494 3498 b.
512 3464 555 3498 c.
582 3448 683 3511 57),
716 3464 804 3513 my
835 3449 1036 3499 brother
1067 3450 1179 3499 tells
1214 3466 1292 3500 me
1363 3465 1429 3500 ou
1461 3450 1592 3501 have
1694 3452 1900 3514 (quoius)
1917 3449 2068 3513 being
2079 3447 2839 3513 scannedasamonosyll.(0uis)

446 3514 571 3563 done
605 3513 687 3562 for
719 3529 798 3562 me
835 3514 903 3562 all
940 3516 1051 3564 that
1083 3514 1148 3566 he
1190 3515 1257 3566 ho
1355 3515 1389 3565 .’
1476 3517 1590 3576 Spe-
1691 3515 1747 3565 in
1768 3514 1853 3564 the
1873 3514 2035 3564 scenio
2058 3520 2211 3577 poete.
2264 3513 2845 3578 Robycallscuicuimedi

446 3584 595 3626 rauet
638 3577 681 3626 is
723 3577 874 3640 right,
914 3578 1122 3629 because
1167 3579 1382 3636 Quintus
1427 3580 1592 3629 would
1693 3579 2185 3641 aliimodilocatives,
2211 3579 2233 3643 ᾗ
2264 3583 2404 3628 1311.

447 3641 573 3692 have
605 3642 712 3693 said
740 3643 795 3691 iu
821 3642 900 3692 his
929 3644 1089 3704 letter,
1115 3648 1128 3671 ⁴
1145 3652 1376 3707 quantum
1404 3647 1593 3705 ,speravi
1758 3651 1843 3693 aut
1875 3661 1974 3693 rem
2007 3650 2092 3692 aut
2125 3660 2184 3693 ne
2214 3659 2341 3704 spem
2372 3641 2581 3708 quidem]
2642 3645 2657 3670 ‘
2674 3639 2702 3690 1
2725 3640 2846 3691 look

449 3707 523 3770 (or
542 3708 852 3771 speraveram)
880 3710 1145 3773 profectum
1166 3717 1236 3758 est
1248 3725 1343 3771 per
1368 3709 1424 3758 T.
1449 3710 1590 3758 Pom·
1692 3708 1910 3759 foi-ward
1929 3716 1982 3758 to
2002 3723 2136 3759 some
2158 3709 2360 3758 definite
2380 3715 2487 3771 step
2504 3707 2733 3773 (towards
2757 3721 2848 3769 my

440 3771 676 3832 ponium!
776 3795 783 3803 ·
1694 3774 2022 3838 restoration),
2048 3790 2106 3825 or
2125 3774 2226 3824 else
2247 3780 2383 3823 utter
2402 3772 2627 3837 dsspmr!
