3229 5145
533 485 665 553 262
1249 488 1399 555 ΕΡ.
1444 487 1674 554 m.
1722 487 1826 575 (Q.
1859 489 1997 554 FB.
2030 488 2092 553 I.
2123 487 2216 573 1.)

537 683 772 727 —cum
816 661 901 728 ad
944 660 1260 747 templum
1306 664 1924 747 monumentumque
1974 658 2285 743 nostrum:
2305 660 2595 726 civitates
2631 658 2946 746 pecunias

539 764 979 844 decrevissent,
1031 786 1302 852 cumque
1348 764 1420 832 id
1464 768 1531 832 et
1580 786 1699 852 pro
1741 764 1901 830 meis
1950 764 2206 851 magnis
2249 764 2494 829 meritis
2536 767 2604 829 et
2644 784 2763 848 pro
2805 761 2942 828 tuis

533 866 831 937 maximis
871 866 1194 935 beneficiis
1241 890 1492 935 summa
1533 891 1651 934 sua
1677 868 2013 936 voluntate
2053 867 2367 948 fecissent,
2419 865 2940 951 nominatimque

531 971 639 1036 lex
696 971 1031 1058 exciperet,
1079 993 1176 1037 ur
1226 993 1328 1037 An
1384 992 1774 1037 ‘murnum
1833 992 1929 1036 nr
1987 991 2564 1036 nonsummum
2623 989 2940 1034 carnus:

534 1095 572 1136 ι,
586 1095 895 1156 remur,
939 1097 1210 1162 cumque
1255 1075 1346 1155 id,
1393 1075 1568 1161 quod
1609 1073 1906 1155 dabatur,
1957 1096 2089 1140 non
2137 1078 2299 1139 esset
2340 1073 2778 1152 interiturum,
2822 1072 2940 1138 sed

531 1178 601 1241 in
646 1178 1037 1245 ornamentis
1076 1177 1305 1265 templi
1347 1177 1660 1258 futurum,
1703 1180 1780 1244 ut
1823 1199 1957 1243 non
1997 1176 2160 1243 mihi
2201 1177 2416 1262 potius
2457 1198 2656 1262 quam
2692 1174 2946 1260 populo

533 1278 825 1347 Romano
864 1304 938 1347 ao
977 1282 1075 1347 dis
1109 1280 1579 1348 immortalibus
1620 1282 1847 1347 datum
1879 1280 2509 1347 videretur—tamen
2552 1279 2624 1345 id
2673 1278 2773 1363 (in
2807 1300 2941 1364 quo

529 1387 665 1451 erat
709 1384 1013 1471 dignitas,
1058 1388 1196 1452 erat
1237 1384 1362 1465 lex,
1408 1388 1545 1450 erat
1587 1406 1831 1465 eorum,
1863 1383 1976 1470 qui
2015 1382 2357 1464 faciebant,
2389 1382 2741 1465 voluntas),
2774 1381 2937 1447 acci-

527 1486 834 1571 piendum
884 1510 1015 1575 non
1065 1487 1291 1573 putavi
1339 1509 1487 1554 oum
1535 1486 1680 1554 aliis
1729 1489 1810 1553 de
1862 1486 2065 1554 causis
2126 1491 2271 1552 tum
2327 1487 2526 1552 etiam
2582 1490 2661 1551 ut
2716 1487 2946 1551 animo

528 1589 822 1676 aequiore
869 1591 1110 1657 ferrent
1148 1589 1217 1671 ii,
1269 1589 1502 1676 quibus
1546 1613 1667 1657 nec
1716 1588 2055 1657 deberetur
2109 1613 2228 1657 nec
2272 1590 2508 1656 liceret.
2600 1590 2707 1655 27.
2758 1587 2940 1660 Qua-

528 1698 785 1779 propter
818 1691 1115 1760 inoumbe
1149 1697 1287 1760 toto
1326 1693 1543 1760 animo
1580 1697 1647 1760 et
1684 1695 1898 1760 studio
1929 1693 2105 1760 omni
2130 1693 2221 1781 :in
2258 1715 2404 1759 cam
2437 1693 2780 1771 rationem,
2811 1713 2947 1777 qua

527 1794 737 1861 adhue
766 1819 918 1862 usus
947 1818 1032 1877 es,
1062 1801 1138 1862 ut
1167 1819 1291 1877 eos,
1323 1818 1482 1883 quos
1509 1801 1661 1863 tuae
1696 1797 1848 1863 fidei
1885 1796 2314 1882 potestatique
2343 1800 2602 1861 senatus
2628 1794 2942 1881 populus-

526 1920 650 1983 que
679 1897 1015 1965 Romanus
1050 1899 1364 1966 commisit
1402 1905 1468 1966 et
1507 1900 1797 1980 credidit,
1830 1899 2068 1987 diligas
2110 1904 2178 1965 et
2215 1899 2395 1966 omni
2428 1900 2678 1964 ratione
2715 1904 2948 1964 tueare

527 2009 592 2066 et
620 2023 754 2067 esse
783 2024 978 2087 quam
1005 2001 1399 2069 beatissimos
1418 2003 1594 2070 velis.
1687 2004 1881 2076 Quod
1909 2002 2071 2091 siyte
2098 2025 2231 2068 sors
2259 2001 2445 2067 Afris
2473 2007 2590 2068 aut
2616 2001 2946 2088 Hispanis

529 2108 642 2172 aut
681 2103 889 2171 Gallis
931 2106 1354 2192 praefecisset,
1398 2106 1790 2173 immanibus
1832 2129 1906 2172 ac
1949 2105 2236 2174 barbaris
2277 2105 2669 2185 nationibus,
2714 2111 2942 2171 tamen

528 2211 690 2275 esset
725 2207 1150 2275 humanitatis
1177 2213 1327 2275 tuae
1356 2210 1683 2276 consulere
1713 2231 1934 2276 eorum
1967 2209 2314 2275 commodis
2350 2212 2415 2275 et
2452 2209 2728 2274 utilitati
2767 2208 2941 2274 salu-

528 2311 707 2395 tique
763 2311 1014 2378 servire.
1134 2313 1300 2378 Cum
1343 2334 1494 2380 vero
1549 2313 1611 2379 ei
1676 2313 1898 2398 generi
1966 2311 2303 2377 hominum
2368 2311 2744 2397 praesimus,
2808 2333 2945 2378 non

528 2414 718 2480 modo
756 2414 828 2480 in
864 2437 991 2500 quo
1029 2416 1168 2502 ipso
1203 2417 1307 2497 sit,
1337 2417 1450 2482 sed
1485 2415 1683 2482 etiam
1716 2438 1757 2481 a
1784 2438 1911 2502 quo
1947 2417 2033 2480 ad
2081 2415 2239 2480 alios
2276 2415 2640 2501 pervenisse
2677 2420 2952 2502 putetur

529 2517 914 2599 humanitas,
960 2523 1126 2585 certe
1168 2517 1248 2585 iis
1291 2541 1434 2587 eam
1476 2517 1881 2606 potissimum
1923 2517 2207 2585 tribuere
2250 2517 2577 2599 debemus,
2622 2540 2664 2584 a
2708 2516 2947 2604 quibus

527 2621 902 2708 accepimus.
992 2623 1100 2687 28.
1146 2622 1302 2690 Non
1332 2623 1507 2690 enim
1540 2645 1645 2689 me
1672 2622 1795 2690 hoc
1828 2623 1960 2688 iam
1996 2624 2203 2688 dicere
2238 2622 2528 2709 pudebit,
2562 2622 2947 2709 praesertim

528 2725 599 2789 in
643 2746 720 2789 ea
760 2724 896 2790 vita
945 2729 1140 2811 atque
1195 2725 1277 2791 iis
1319 2725 1509 2791 rebus
1556 2725 1775 2812 gestis,
1826 2727 1898 2791 in
1942 2725 2173 2813 quibus
2224 2748 2355 2791 non
2407 2730 2621 2812 potest
2664 2725 2950 2791 residere

526 2825 798 2893 inertiae
832 2830 947 2893 aut
975 2826 1259 2893 levitatis
1286 2828 1425 2894 ulla
1452 2827 1741 2915 suspitio,
1771 2852 1888 2895 nos
1917 2852 2012 2910 ea,
2044 2850 2210 2915 quae
2238 2828 2562 2895 consecuti
2589 2851 2838 2910 sumus,
2868 2850 2950 2894 ns

528 2927 761 2994 studiis
804 2933 872 2995 et
918 2928 1163 2995 artibus
1212 2952 1344 2997 esse
1396 2931 1663 3018 adeptos
1713 2953 1877 3018 quae
1925 2930 2298 3019 sintfnobis
2345 2931 2654 2997 Graeciae
2712 2954 2948 2998 monu-

528 3028 764 3096 mentis
802 3030 1278 3118 disciplinisque
1319 3033 1577 3099 tradita.
1672 3035 1820 3107 Qua
1864 3058 1935 3100 re
1978 3039 2231 3121 praeter
2272 3056 2683 3100 communem
2726 3034 2950 3114 fidem,

530 3154 695 3218 quae
740 3132 1035 3199 omnibus
1086 3133 1374 3216 debetur,
1420 3140 1750 3224 praeterea
1791 3160 1908 3204 nos
1951 3138 2061 3203 isti
2106 3137 2445 3203 hominum
2489 3139 2716 3224 generi
2760 3161 2948 3225 prae-

592 3320 984 3387 nominatimque]
1059 3323 1333 3388 διαρρήδην,
1365 3326 1380 3351 ‘
1394 3325 1449 3375 in
1462 3341 1516 3377 so
1531 3343 1684 3393 many
1782 3328 1839 3378 of
1864 3327 2213 3392 high-pitched
2249 3327 2520 3378 sentiment
2548 3327 2676 3379 such
2701 3344 2758 3379 as
2785 3329 2952 3394 rarely

532 3385 731 3435 words!
1781 3398 1935 3442 meets
1955 3409 2016 3442 us
2038 3394 2091 3441 in
2112 3409 2143 3441 a
2164 3392 2316 3442 Latin
2338 3392 2522 3443 writer.

597 3447 698 3515 lex]
763 3448 826 3498 G.
851 3448 1045 3525 Bos-sier
1079 3451 1317 3516 (Reliqion
1338 3456 1585 3517 Romaim,
1619 3455 1677 3519 i.,
1848 3459 1927 3506 28.
1957 3460 2246 3518 praesertim
2269 3460 2322 3505 in
2343 3458 2420 3522 ea]
2490 3462 2503 3485 ‘
2518 3458 2791 3523 especially
2813 3457 2956 3509 since

533 3530 582 3576 p.
604 3513 980 3578 114),usesthis
1000 3530 1217 3581 passage,
1244 3522 1298 3567 ιο
1318 3518 1455 3570 show
1470 3520 1582 3570 that
1595 3519 1684 3570 the
1781 3520 1905 3571 such
1933 3521 2022 3571 has
2049 3522 2174 3571 been
2207 3538 2294 3585 my
2315 3522 2407 3571 life
2440 3523 2539 3571 and
2572 3524 2807 3585 conduct,
2839 3523 2954 3573 that

536 3579 752 3627 Romans
773 3593 903 3628 were
924 3578 1146 3642 disposed
1177 3587 1230 3632 to
1261 3584 1480 3648 actually
1501 3600 1681 3635 encou-
1781 3585 1903 3650 they
1946 3592 2126 3636 cannot
2168 3585 2328 3635 afford
2372 3588 2567 3651 ground
2620 3588 2723 3637 for·
2745 3603 2879 3637 even
2923 3604 2956 3637 a

532 3657 648 3707 rage
662 3641 749 3692 the
769 3641 1064 3705 provincials
1085 3644 1139 3693 in
1159 3646 1346 3759 pazing
1369 3647 1684 3699 semi-divine
1782 3648 2033 3713 suspicion
2069 3650 2124 3700 of
2160 3650 2446 3701 remissness
2490 3667 2546 3701 or
2589 3651 2920 3702 shallowness
2934 3653 2951 3676 ’

532 3707 747 3756 honours
780 3712 833 3757 to
867 3722 1146 3772 governor-s.
1258 3726 1288 3761 o
1325 3713 1446 3761 such
1481 3729 1512 3762 a
1544 3713 1684 3776 pitch
1784 3714 2010 3778 (absence
2051 3713 2107 3764 of
2160 3716 2282 3778 deep
2324 3715 2650 3779 convictions,
2703 3722 2844 3766 want
2898 3716 2960 3766 of

535 3770 619 3821 (lid
635 3770 765 3821 their
779 3786 809 3821 o
928 3772 1182 3823 uiousness
1197 3789 1276 3849 go,
1298 3775 1409 3825 that
1424 3776 1682 3853 Theopha-
1781 3778 2059 3842 principle).
2128 3777 2192 3827 In
2226 3779 2408 3893 safing
2441 3781 2556 3830 that
2589 3780 2654 3830 he
2693 3797 2829 3831 oves
2873 3781 2957 3831 his

533 3851 620 3885 nes
663 3835 749 3885 the
771 3842 887 3896 prot
942 3853 965 3885 c
992 3836 1049 3886 of
1070 3836 1346 3901 Pompeius,
1377 3856 1480 3890 was
1506 3842 1685 3893 deified
1783 3859 1976 3893 success
1997 3849 2050 3894 to
2071 3842 2157 3893 the
2178 3848 2260 3892 stu
2296 3860 2331 3908 y
2353 3845 2410 3894 of
2430 3845 2595 3895 Greek
2625 3845 2864 3910 thought,
2887 3846 2956 3896 he

538 3901 605 3965 by
624 3874 887 3977 biit-ylen&
1205 3965 1217 3978 ι
1784 3923 1897 3972 says
1926 3907 1989 3956 he
2017 3923 2134 3972 may
2156 3908 2300 3958 make
2330 3909 2441 3959 that
2465 3910 2772 3960 declaration
2795 3910 2954 3961 with-

599 3963 835 4029 daqmtas]
927 3968 941 3993 ‘
955 3965 1057 4015 real
1097 3972 1243 4016 merit
1257 3966 1272 3991 ’
1321 3969 1376 4032 (ὁ.
1402 3985 1443 4017 e.
1490 3985 1556 4020 on
1596 3986 1686 4035 my
1784 3977 1873 4021 out
1908 3971 2093 4035 shame,
2136 3972 2272 4023 since
2315 3973 2395 4023 his
2438 3977 2657 4024 conduct
2693 3976 2788 4025 has
2825 3975 2956 4026 bem

534 4029 681 4093 part),
735 4033 750 4057 ‘
765 4029 975 4079 conduct
1017 4030 1277 4094 deserving
1317 4031 1374 4081 of
1425 4049 1456 4082 a
1507 4050 1684 4084 monu-
1784 4035 1906 4086 such
1927 4036 2040 4086 that
2059 4037 2103 4086 it
2121 4043 2305 4087 cannot
2333 4039 2400 4088 lie
2428 4053 2557 4102 open
2586 4045 2642 4089 ιο
2672 4040 2761 4089 the
2782 4039 2956 4103 suspi-

536 4092 702 4143 ment.'
1786 4099 1898 4150 cion
1919 4100 1975 4151 of
1993 4100 2184 4166 having
2205 4102 2331 4151 been
2351 4103 2637 4154 influenced
2658 4105 2728 4169 by
2744 4104 2835 4154 the
2857 4105 2960 4155 bad

599 4158 768 4220 quibus
798 4173 879 4206 neo
908 4158 1148 4206 debe-reem
1178 4175 1260 4207 nec
1293 4159 1474 4236 liceret]
1545 4166 1559 4191 ‘
1575 4162 1689 4213 who
1786 4164 1890 4214 side
1923 4166 1983 4215 of
2007 4165 2096 4216 tho
2129 4167 2294 4216 Greek
2330 4168 2603 4227 character,
2640 4172 2828 4218 inertia
2859 4171 2961 4219 and

535 4221 635 4270 had
655 4222 834 4271 earned
856 4236 920 4271 no
941 4221 1063 4271 such
1084 4222 1290 4287 honour,
1316 4224 1414 4273 and
1442 4241 1497 4274 ιιι
1517 4226 1686 4278 whose
1787 4231 1988 4279 levitae:
2021 4231 2086 4280 cf.
2113 4247 2202 4294 pro
2231 4231 2368 4282 Flac.
2401 4237 2482 4292 24,
2518 4235 2733 4282 lomina
2764 4237 2964 4284 haitan

535 4302 644 4334 case
665 4284 706 4334 it
728 4301 831 4334 was
852 4291 940 4335 not
960 4286 1090 4350 legal
1103 4287 1118 4312 '
1146 4289 1219 4362 (as
1239 4287 1283 4337 it
1303 4303 1406 4338 was
1430 4288 1485 4339 in
1513 4290 1684 4352 mine).
1790 4293 1979 4355 Graeci,
2001 4297 2283 4344 crudelitate
2304 4298 2515 4347 barbari.

601 4350 680 4400 27.
714 4349 968 4425 rationem]
1036 4353 1051 4377 ‘
1065 4350 1270 4416 pohcy.’
1850 4359 2025 4407 studiis
2076 4366 2122 4409 et
2171 4361 2385 4428 artibus]
2488 4367 2503 4391 ‘
2531 4362 2805 4427 principles
2859 4365 2963 4414 and

600 4412 902 4478 limnaeus]
993 4416 1008 4441 ‘
1025 4415 1256 4479 culture,'
1318 4420 1333 4445 ‘
1350 4418 1679 4469 refinement.’
1786 4421 2051 4486 qualities.'

534 4476 657 4526 This
696 4475 855 4527 whole
897 4493 1114 4544 passage,
1159 4482 1273 4530 Oum
1305 4498 1411 4531 vero
1449 4487 1493 4531 ei
1519 4487 1684 4546 ymeri
1842 4494 2039 4547 praetor
2136 4524 2149 4537 .
2194 4526 2206 4539 .
2241 4491 2522 4556 praeterea]
2604 4491 2699 4556 Cp.
2718 4501 2956 4555 praeter·

533 4577 545 4590 .
576 4577 591 4591 .
617 4575 632 4589 .
656 4542 852 4590 velimus
871 4557 1147 4606 apr-omae,
1173 4544 1355 4597 affords
1375 4563 1441 4597 an
1461 4547 1686 4600 instance
1785 4566 1927 4614 quam
1959 4524 2093 4613 quod
2118 4588 2132 4602 .
2171 4591 2186 4604 .
2227 4590 2241 4604 .
2269 4563 2542 4618 praeter-oa,
2580 4556 2700 4608 Fin-
2729 4574 2783 4608 v.
2811 4562 2894 4609 61.
