3229 5145
1046 463 1191 527 ΕΡ.
1238 462 1464 526 XXX.
1514 459 1618 548 (Q.
1647 463 1789 528 FB.
1820 463 1880 526 I.
1911 462 2000 547 1.)
2581 461 2708 526 263

326 633 512 718 cipue
546 633 775 700 debere
803 632 1110 713 videmur,
1150 639 1243 713 ut,
1286 656 1558 720 quorum
1596 634 1945 721 praeceptis
1983 657 2202 701 sumus
2246 634 2499 715 eruditi,
2536 635 2708 721 apud

328 757 432 801 eos
460 736 648 821 ipsos,
677 736 847 823 quod
876 736 959 804 ab
987 738 1066 802 iis
1094 737 1518 817 didicerimus,
1548 738 1820 804 velimus
1847 760 2228 824 expromere.

454 838 544 904 X.
592 840 697 904 29.
742 839 963 926 Atque
999 840 1110 904 ille
1147 841 1405 926 quidem
1443 841 1739 928 princeps
1773 841 2020 928 ingenii
2060 845 2127 906 et
2164 839 2487 906 doctrinae
2521 839 2711 906 Plato

326 946 468 1007 tum
507 942 781 1028 denique
817 942 955 1008 fore
992 942 1210 1009 beatas
1247 966 1347 1009 res
1385 944 1672 1031 publicas
1705 945 1978 1031 putavit,
2009 946 2065 1011 si
2093 948 2206 1011 aut
2234 945 2404 1010 docti
2442 947 2507 1011 et
2544 945 2710 1029 sapi-

325 1050 503 1111 entes
551 1044 841 1111 homines
890 1068 997 1112 eas
1044 1069 1264 1133 regere
1313 1048 1662 1134 coepissent
1708 1054 1822 1114 aut
1879 1048 1948 1128 ii,
1998 1047 2110 1134 qui
2161 1052 2474 1135 regerent,
2522 1068 2710 1113 omne

320 1170 510 1213 suum
560 1150 846 1215 studium
886 1149 958 1214 in
1004 1150 1292 1216 doctrina
1336 1154 1401 1216 et
1444 1150 1757 1237 sapientia
1799 1151 2223 1218 collocassent.
2315 1150 2510 1217 Hanc
2552 1172 2700 1216 con·

320 1251 715 1319 iunctionem
741 1252 1035 1319 videlicet
1061 1253 1393 1339 potestatis
1432 1259 1496 1320 et
1534 1254 1883 1341 sapientiae
1923 1254 2115 1321 saluti
2153 1254 2397 1320 censuit
2435 1253 2707 1319 civitati-

321 1352 443 1420 bus
489 1377 620 1421 esse
668 1377 866 1441 posse.
957 1356 1150 1428 Quod
1199 1357 1466 1423 fortasse
1516 1358 1862 1445 aliquando
1906 1358 2238 1423 universae
2279 1357 2373 1423 rei
2415 1355 2706 1442 publicae

322 1462 592 1539 nostrae,
623 1482 794 1526 nunc
833 1460 1094 1547 quidem
1129 1461 1412 1547 profecto
1446 1461 1556 1526 isti
1594 1461 1957 1548 provinciae
1992 1460 2283 1546 contigit,
2315 1465 2391 1525 ut
2430 1460 2486 1525 is
2523 1459 2593 1525 in
2633 1481 2710 1526 ea

320 1583 639 1627 summam
675 1568 1055 1648 potestatem
1096 1562 1375 1644 haberet,
1406 1564 1510 1630 cui
1545 1563 1616 1630 in
1655 1565 1963 1645 doctrina,
1997 1564 2100 1630 cui
2137 1564 2209 1629 in
2238 1564 2473 1629 virtute
2516 1567 2708 1649 atque

320 1665 721 1733 humanitate
749 1667 1156 1753 percipienda
1182 1667 1530 1754 plurimum
1560 1690 1600 1733 a
1629 1668 1905 1752 pueritia
1942 1668 2140 1734 studii
2177 1667 2403 1733 fuisset
2441 1671 2506 1732 et
2542 1670 2706 1732 tem·

321 1768 513 1853 poris.
602 1771 706 1834 30.
769 1770 918 1842 Qua
966 1793 1035 1836 re
1084 1793 1253 1852 cura,
1312 1775 1390 1836 ut
1444 1770 1550 1836 hic
1607 1793 1836 1851 annus,
1887 1772 1999 1857 qui
2049 1772 2133 1836 ad
2182 1769 2464 1836 laborem
2518 1772 2708 1836 tuum

320 1872 596 1951 accessit,
644 1873 816 1939 idem
866 1875 950 1939 ad
1001 1874 1271 1940 salutem
1326 1874 1523 1940 Asiae
1581 1878 1961 1961 prorogatus
2015 1896 2149 1941 8558
2198 1874 2509 1940 videatur.
2614 1872 2707 1938 Et

319 1974 625 2060 quoniam
652 1975 722 2042 in
751 1981 817 2042 te
844 1977 1177 2044 retinendo
1206 1976 1334 2043 fuit
1362 1977 1525 2044 Asia
1552 1977 1797 2045 felicior
1826 1999 2020 2064 quam
2055 1999 2173 2043 nos
2209 1977 2280 2042 in
2316 1976 2706 2056 deducendo,

317 2078 550 2164 perfice
576 2084 652 2145 ut
678 2079 926 2146 laetitia
952 2082 1314 2167 provinciae
1335 2081 1721 2147 desiderium
1741 2086 2031 2148 nostrum
2049 2081 2345 2147 leniatur.
2420 2079 2705 2159 Etenim,

318 2180 374 2246 si
411 2180 484 2247 in
526 2183 961 2268 promerendo,
1004 2187 1081 2251 ut
1122 2183 1244 2250 tibi
1285 2185 1456 2250 tanti
1496 2184 1768 2251 honores
1808 2184 2214 2265 haberentur,
2260 2183 2488 2270 quanti
2528 2182 2707 2249 haud

320 2284 448 2350 scio
487 2307 572 2350 an
610 2286 875 2367 nemini,
915 2288 1096 2353 fuisti
1138 2286 1427 2354 omnium
1466 2287 2012 2375 diligentissimus,
2052 2288 2258 2354 multo
2295 2287 2600 2352 maiorem
2633 2285 2705 2351 in

316 2387 419 2453 his
459 2386 805 2456 honoribus
847 2391 1103 2458 tuendis
1143 2390 1444 2457 adhibere
1486 2392 1894 2477 diligentiam
1932 2391 2140 2458 debes.
2230 2392 2335 2456 31.
2380 2389 2703 2475 Equidem

315 2490 398 2557 de
424 2490 548 2557 isto
577 2515 810 2579 genere
836 2493 1152 2560 honorum
1186 2495 1344 2582 quid
1383 2495 1684 2561 sentirem
1721 2495 1942 2582 scripsi
1978 2496 2062 2560 ad
2090 2499 2154 2559 te
2184 2497 2351 2559 ante.
2439 2492 2705 2579 Semper

314 2616 422 2660 eos
448 2596 690 2681 putavi,
721 2598 775 2663 si
804 2598 1101 2685 vulgares
1130 2603 1356 2679 essent,
1385 2599 1565 2680 viles,
1596 2600 1651 2664 si
1677 2599 1983 2685 temporis
2020 2621 2209 2665 causa
2246 2598 2701 2663 constitueren-

310 2701 452 2778 tur,
470 2699 673 2766 leves:
720 2701 775 2766 si
805 2723 973 2781 vero,
1007 2701 1078 2768 id
1115 2703 1288 2788 quod
1325 2702 1420 2768 ita
1458 2702 1705 2768 factum
1743 2707 1858 2784 est,
1898 2702 2142 2768 meritis
2179 2701 2309 2767 tuis
2346 2698 2699 2765 tribueren-

310 2803 440 2881 tur,
470 2802 914 2871 existimabam
939 2801 1215 2871 multam
1241 2805 1363 2872 tibi
1400 2806 1472 2871 in
1505 2806 1585 2871 iis
1618 2806 1967 2876 honoribus
1993 2804 2249 2871 tuendis
2278 2825 2534 2889 operam
2564 2824 2698 2868 esse

308 2907 692 2989 ponendam.
783 2907 932 2979 Qua
958 2931 1027 2974 re
1055 2909 1360 2994 quoniam
1395 2910 1466 2974 in
1504 2909 1645 2975 istis
1678 2909 1945 2976 urbibus
1981 2931 2126 2975 cum
2154 2929 2401 2973 summo
2428 2907 2699 2993 imperio

309 3014 375 3073 et
413 3013 725 3095 potmate
766 3011 1050 3092 versaris,
1089 3012 1161 3077 in
1200 3011 1432 3099 quibus
1469 3018 1614 3078 tuas
1643 3014 1911 3079 virtutes
1950 3017 2340 3078 consecratas
2374 3019 2439 3076 et
2475 3011 2546 3075 in
2586 3011 2694 3075 de-

308 3132 493 3177 orum
541 3136 808 3181 numero
859 3115 1192 3181 collocatas
1236 3116 1433 3196 vides,
1484 3115 1556 3181 in
1607 3116 1902 3182 omnibus
1950 3114 2158 3195 rebus,
2217 3136 2377 3201 quas
2432 3119 2693 3193 statues,

307 3236 465 3299 quas
495 3217 808 3296 decernes,
839 3241 996 3304 quas
1031 3241 1202 3304 ages,
1233 3221 1390 3305 quid
1428 3219 1629 3284 tantis
1666 3220 2000 3285 hominum
2039 3217 2463 3305 opinionibus,
2493 3217 2696 3283 tantis

305 3318 387 3383 de
429 3323 495 3384 te
536 3320 807 3401 iudiciis,
853 3322 1052 3388 tantis
1092 3321 1440 3388 honoribus
1480 3322 1712 3388 debeas
1755 3320 2083 3408 cogitabis.
2180 3321 2268 3387 Id
2311 3325 2527 3387 autem
2569 3320 2694 3387 erit

305 3421 442 3487 eius
468 3424 663 3504 modi,
693 3429 770 3490 ut
797 3425 1086 3491 consulas
1114 3426 1425 3506 omnibus,
1455 3429 1530 3491 ut
1558 3427 1852 3492 medeare
1878 3425 2296 3491 incommodis
2334 3423 2688 3504 hominum,

303 3525 636 3609 provideas
663 3527 875 3609 saluti,
905 3533 981 3594 ut
1008 3534 1074 3595 te
1102 3537 1433 3615 parentem
1459 3528 1657 3595 Asiae
1686 3535 1751 3595 et
1780 3529 1906 3595 dici
1936 3532 2000 3594 et
2028 3527 2250 3594 haberi
2279 3527 2454 3594 velis.

432 3628 565 3694 XI.
610 3632 715 3695 32.
761 3631 982 3718 Atque
1010 3632 1159 3698 huic
1196 3638 1347 3698 tuae
1374 3632 1696 3699 voluntati
1734 3655 1808 3698 ac
1845 3632 2220 3719 diligentiae
2248 3629 2691 3697 difficultatem

301 3751 608 3818 magnam
651 3736 954 3801 adferunt
994 3735 1320 3822 publicani
1351 3759 1367 3800 ι
1427 3736 1660 3823 quibus
1702 3736 1758 3802 si
1801 3737 2230 3814 adversamur,
2278 3734 2565 3800 ordinem
2608 3734 2690 3800 de

364 3962 629 4008 expromere
716 3952 912 3998 ‘xstoe
849 3948 1069 3999 xcx-oisc)
1541 3947 1838 4000 vhichisa
1864 3943 2541 4022 newperiodoflabourfor
2568 3959 2687 4009 you,

365 4014 446 4060 29.
481 4013 623 4061 Plato
706 4012 930 4077 DeRep.
957 4013 1139 4065 473D.
1176 4013 1438 4064 Thiscon-
1541 4011 2048 4101 maygivstoAsia
2153 4008 2685 4072 newleaseofpros-

298 4074 455 4126 dition
476 4093 579 4126 was
599 4077 811 4127 fulfflled
831 4030 962 4127 unde
963 4077 1198 4129 rMarcus
1212 4079 1443 4128 Aurelius
1540 4078 1743 4144 perityss

298 4141 574 4192 andunder
604 4141 795 4192 Julian.
862 4142 1078 4193 Yeetth
1049 4159 1203 4194 θοι-ν
1148 4144 1441 4194 orldseems
1606 4138 1972 4206 indoduoendo]
2060 4136 2569 4213 ‘instrivingtoe
2541 4136 2691 4188 effect

298 4205 696 4270 tohavyehardl
717 4206 856 4257 achis
860 4207 1176 4258 vedblissev
1177 4208 1390 4259 suthem
1538 4224 1670 4273 your
1721 4207 1903 4258 release
1959 4205 2090 4255 from
2148 4201 2418 4267 provincial
2477 4218 2572 4268 gov
2573 4218 2685 4252 e-rn

295 4271 755 4400 Βἷζονωωειᾳιια
591 4273 658 4320 al
642 4271 871 4338 quando]
944 4289 1009 4323 so.
1046 4275 1259 4337 contmqe
1236 4281 1297 4336 et,
1326 4289 1439 4337 pos-
1538 4278 1703 4323 ment:
1725 4272 2005 4320 ’eddam
2041 4269 2084 4318 15
2119 4268 2203 4317 the
2237 4267 2523 4319 correlative
2559 4273 2686 4317 term

371 4334 389 4384 l
508 4309 1439 4413 btlfearthatcontiqitistobe
1537 4335 2294 4398 todeoedere.·op.deportcm
2297 4331 2436 4394 ,eD
2476 4333 2684 4396 Sen.l,

293 4351 561 4516 ἓξέἑιίιὲἑ
579 4402 677 4451 and
719 4402 829 4451 that
865 4401 1035 4453 Cicero
1076 4402 1229 4453 refers
1270 4408 1324 4453 to
1360 4402 1439 4453 his
1537 4403 1636 4515 amtl
1669 4401 2005 4516 {simoi-iota.
2033 4461 2292 4526 explained
2311 4461 2366 4512 in
2391 4462 2413 4527 ξ
2440 4465 2496 4512 31

1626 4483 1734 4516 ans
1902 4465 1971 4596 es}
2506 4499 2519 4512 .

360 4532 439 4580 30.
489 4537 544 4580 uc
587 4531 668 4581 laio
708 4530 884 4597 annue]
971 4531 1118 4583 ‘that
1156 4531 1259 4583 this
1302 4548 1435 4597 year,
1605 4534 1685 4581 31.
1723 4532 1942 4592 temporis
