3229 5145
478 463 618 528 366
1137 461 1281 526 ΕΡ.
1327 460 1591 525 LXIX.
1647 458 1880 534 (ΑΤΤ.
1919 459 2068 524 ΙΙΙ.
2114 458 2249 541 12.)

485 641 640 716 tror,
686 638 762 701 ut
799 638 867 701 te
904 635 1119 721 ipsum
1157 633 1468 701 consolari
1510 654 1702 699 nemo
1740 631 1959 718 possit.
2052 630 2375 703 Quintum
2413 632 2682 699 fratrem
2721 632 2896 719 opti-

484 761 667 805 mum
715 737 1378 824 humanissimumque
1428 739 1736 802 sustenta.
1825 734 1938 801 Ad
1983 757 2087 802 me
2131 735 2386 803 obsecro
2429 741 2496 802 te
2538 741 2617 803 ut
2667 736 2895 804 omnia

481 848 660 909 certa
686 841 1053 928 perscribas.
1144 840 1321 906 Data
1350 861 1463 905 1111
1485 837 1641 906 Kal.
1675 838 1938 911 Quinct.

763 1220 1032 1288 LXIX.
1122 1218 1238 1287 ΤΟ
1283 1218 1709 1302 Amnem,
1755 1241 1832 1286 m
1876 1219 2085 1288 Ronffl
2134 1220 2326 1307 (ΑΠ’.
2361 1242 2465 1286 111.
2502 1222 2613 1308 12).

820 1446 1340 1506 TnnssanomoA,
1372 1446 1437 1490 A.
1462 1446 1531 1491 U.
1557 1447 1610 1490 c.
1644 1445 1783 1506 6963
1830 1447 1893 1490 B.
1916 1447 1969 1492 c.
2001 1444 2064 1493 68
2082 1449 2100 1506 3
2148 1446 2296 1491 Am.
2322 1446 2441 1491 c10.
2475 1444 2560 1493 48.

588 1637 661 1688 M.
683 1637 855 1688 Cicero
887 1636 1058 1688 scribit
1079 1637 1140 1687 de
1162 1651 1263 1701 spe,
1290 1652 1441 1702 quam
1470 1634 1741 1686 ostenderit
1761 1635 1977 1700 Atticus,
1997 1636 2195 1702 exigua,
2219 1637 2281 1688 de
2303 1635 2523 1688 oratione
2544 1635 2600 1687 in
2621 1635 2894 1690 Curionem

486 1727 796 1785 praepostere
815 1720 1021 1785 prolata,
1046 1720 1108 1769 de
1128 1717 1413 1770 condicione
1434 1733 1541 1780 sua,
1567 1717 1630 1768 de
1651 1716 1797 1768 rebus
1817 1716 2164 1769 familiaribus.

1317 1898 1579 1954 CICERO
1616 1897 1880 1954 ATTICO
1915 1899 2068 1955 SAL.

621 2059 681 2124 1.
726 2056 831 2124 Tu
888 2057 1150 2144 quidem
1207 2056 1427 2122 sedulo
1485 2057 1959 2142 argumentaris
2015 2057 2175 2143 quid
2230 2056 2317 2122 sit
2373 2058 2765 2143 sperandum
2826 2061 2893 2124 et

491 2162 771 2227 maxime
818 2184 932 2246 per
976 2163 1290 2240 senatum,
1336 2160 1637 2244 idemque
1688 2163 1883 2246 caput
1930 2159 2286 2247 rogationis
2335 2159 2608 2246 proponi
2657 2158 2898 2242 acribia,

493 2288 623 2351 qua
668 2287 739 2330 re
782 2266 854 2329 in
905 2268 1132 2329 senatu
1182 2262 1309 2328 dici
1357 2262 1525 2327 nihil
1574 2262 1807 2342 liceat;
1867 2262 2088 2349 itaque
2138 2264 2378 2329 siletur.
2491 2262 2629 2328 Hic
2672 2268 2750 2329 tu
2793 2285 2900 2331 me

493 2390 768 2447 accusas,
828 2368 1003 2454 quod
1059 2389 1163 2432 me
1222 2366 1563 2445 adflictem,
1626 2389 1772 2431 cum
1831 2366 1928 2431 ita
1999 2366 2123 2432 sim
2184 2366 2497 2447 adflictus,
2574 2372 2651 2432 ut
2707 2389 2899 2434 nemo

491 2495 820 2559 umquam,
867 2471 1039 2556 quod
1067 2474 1209 2535 tute
1234 2469 1577 2556 intellegis.
1669 2468 1865 2555 Spem
1903 2470 2188 2535 ostendis
2230 2470 2582 2535 secundum
2617 2470 2896 2536 comitia.

493 2575 678 2648 Quae
722 2576 848 2641 ista
894 2580 1008 2654 est,
1069 2575 1293 2640 eodem
1341 2572 1602 2640 tribuno
1644 2563 1737 2659 pl.
1785 2576 1851 2639 et
1893 2572 2155 2639 inimico
2201 2572 2459 2639 consule
2509 2574 2847 2661 desig-nato
2867 2577 2902 2641 Ρ

492 2681 554 2745 2.
601 2678 977 2746 Percussisti
1021 2684 1237 2744 autem
1275 2700 1381 2743 me
1414 2677 1610 2744 etiam
1656 2678 1736 2743 de
1776 2676 2064 2743 oratione
2099 2676 2367 2763 prolata.
2460 2675 2583 2742 Cui
2622 2678 2898 2759 vulneri,

491 2787 568 2850 ut
604 2783 843 2862 scribis,
886 2782 1159 2862 medere,
1205 2781 1258 2847 si
1289 2781 1448 2866 quid
1475 2784 1680 2867 potes.
1770 2779 2013 2867 Scripsi
2058 2780 2356 2866 equidem
2399 2779 2554 2846 olim
2597 2779 2658 2846 ei
2694 2781 2902 2849 iratus

492 2889 666 2973 quod
723 2887 836 2952 ille
884 2886 1059 2972 prior
1116 2884 1469 2971 scripserat,
1530 2886 1643 2950 sed
1692 2883 1787 2949 ita
1845 2906 2354 2971 compresseram,
2414 2886 2491 2949 ut
2541 2906 2898 2970 numquam

493 2997 936 3056 emanaturam
994 2992 1307 3074 putarem.
1399 2985 1547 3058 Quo
1604 2989 1797 3054 modo
1854 2988 2163 3053 exciderit
2218 2986 2447 3052 nescio.
2556 2986 2685 3052 Sed
2744 2988 2901 3073 quia

491 3115 849 3178 numquam
879 3092 1108 3158 accidit
1137 3097 1212 3157 ut
1242 3114 1387 3156 cum
1427 3114 1502 3157 eo
1530 3091 1725 3158 verbo
1754 3114 1886 3157 uno
1924 3095 2352 3157 concertarem
2382 3095 2447 3156 et
2476 3091 2630 3177 quia
2660 3091 2900 3177 scripta

491 3196 654 3260 mihi
693 3196 948 3261 videtur
996 3195 1446 3282 neglegentius
1490 3217 1686 3281 quam
1735 3200 2000 3276 ceterae,
2038 3198 2197 3281 puto
2237 3216 2420 3281 posse
2468 3194 2729 3279 probari
2761 3217 2897 3260 non

493 3322 626 3365 esse
663 3321 895 3364 meam.
984 3298 1090 3378 Id,
1136 3298 1190 3364 si
1221 3303 1413 3385 putas
1443 3321 1548 3365 me
1584 3320 1768 3385 posse
1803 3298 2036 3380 sanari,
2081 3321 2261 3364 cures
2289 3298 2524 3364 velim:
2571 3298 2672 3364 sin
2700 3298 2898 3385 plane

491 3502 608 3552 here
650 3501 712 3551 be
746 3500 895 3550 taken
939 3516 994 3550 as
1037 3498 1280 3565 referring
1321 3505 1376 3551 to
1421 3499 1635 3551 Atticus’
1739 3500 1826 3551 the
1858 3499 2029 3550 consul
2062 3499 2188 3551 elect
2219 3516 2306 3565 my
2339 3516 2516 3565 enemy
2532 3499 2582 3549 1²·
2673 3499 2740 3549 In
2771 3500 2898 3552 both

491 3567 646 3617 house
667 3565 722 3615 in
744 3566 899 3615 Rome
920 3584 932 3616 :
971 3565 1039 3615 cf.
1066 3564 1171 3615 Att.
1192 3564 1266 3615 iii.
1288 3566 1365 3628 17,
1383 3568 1441 3627 2;
1483 3569 1559 3628 19,
1585 3568 1638 3623 1;
1740 3565 1878 3615 these
1908 3566 2256 3615 vaticinationes
2291 3564 2462 3615 Cicero
2492 3566 2674 3629 proved
2699 3581 2890 3631 wrong.

494 3636 572 3690 22,
598 3636 647 3680 4.
1743 3629 1945 3679 Clodius
1960 3647 2062 3680 was
2081 3637 2172 3680 not
2192 3629 2457 3680 re-elected
2478 3647 2533 3680 aa
2554 3631 2770 3690 tribune,
2794 3632 2896 3681 and

562 3701 607 3745 l.
650 3697 723 3745 Tu
743 3697 927 3757 quidem
948 3692 1128 3760 scdulo]
1185 3696 1199 3721 ‘
1219 3694 1334 3744 You
1354 3710 1507 3759 argue
1528 3710 1638 3744 ear-
1741 3694 1976 3745 Metellus
1997 3695 2178 3760 Nepos,
2213 3694 2328 3745 who
2353 3694 2453 3744 had
2481 3695 2608 3745 been
2631 3695 2812 3745 hostile
2839 3702 2895 3746 to

492 3762 657 3825 nestly
689 3761 841 3810 about
862 3760 998 3809 what
1018 3759 1145 3822 hope
1177 3759 1204 3808 Ι
1234 3775 1351 3823 may
1373 3760 1636 3822 entertain,
1743 3758 1913 3809 Cicero
1950 3760 2006 3810 in
2039 3760 2117 3809 his
2151 3760 2418 3823 tribunate,
2470 3759 2756 3811 befriended
2787 3758 2894 3809 him

490 3827 590 3875 and
619 3825 883 3889 especially
910 3824 1125 3887 through
1149 3823 1235 3873 the
1269 3823 1435 3874 action
1472 3825 1530 3874 of
1554 3825 1641 3875 the
1739 3823 1956 3890 hemtssy
1979 3841 2035 3874 as
2064 3825 2252 3875 consul.

495 3891 698 3949 Senate;
755 3892 855 3938 and
894 3896 973 3951 yet
1012 3905 1117 3964 you
1158 3888 1248 3938 tell
1287 3904 1368 3938 me
1410 3888 1520 3939 that
1553 3889 1641 3939 the
1807 3892 1854 3938 2.
1889 3888 2123 3956 oratione]
2180 3891 2248 3939 In
2273 3890 2562 3939 Curionem:
2584 3905 2667 3940 see
2688 3889 2888 3940 Attiii.

490 3957 656 4004 clause
688 3954 742 4005 of
769 3955 855 4004 the
887 3953 1094 4003 Clodian
1125 3952 1215 4003 bill
1235 3952 1521 4016 forbidding
1540 3970 1642 4018 any
1744 3955 1820 4013 15,
1846 3957 1890 4004 3.

491 4022 740 4070 reference
779 4025 834 4069 to
874 4035 963 4084 my
998 4017 1289 4068 restoration
1331 4018 1376 4067 is
1418 4019 1639 4084 actually
1804 4017 2187 4083 compresseram]
2266 4024 2280 4047 ‘
2293 4019 2582 4082 auppreesed
2616 4017 2696 4080 it:
2741 4025 2754 4048 ‘
2771 4019 2892 4084 kept

491 4085 641 4161 being
671 4085 843 4148 posted
877 4100 963 4147 up.
1034 4082 1298 4132 Therefore
1330 4086 1418 4133 not
1446 4098 1477 4132 a
1502 4084 1641 4133 word
1738 4081 1782 4133 it
1801 4087 1889 4134 out
1909 4083 1964 4133 of
1983 4082 2305 4133 circulatim:

491 4149 535 4197 is
561 4150 667 4198 said
687 4149 838 4198 about
858 4164 945 4212 my
968 4164 1077 4197 case
1095 4147 1134 4195 τ’
1172 4163 1253 4197 see
1268 4146 1375 4196 Att.
1392 4146 1466 4196 ιιι.
1492 4148 1569 4210 15,
1588 4151 1638 4197 6.
1803 4147 2055 4213 exciderit]
2105 4151 2118 4175 ‘
2134 4155 2221 4212 got
2233 4148 2356 4198 out.’
2407 4147 2500 4199 See
2520 4148 2628 4198 Att.
2647 4147 2719 4197 iv.
2740 4150 2818 4210 17,
2843 4153 2888 4208 1,

493 4214 771 4276 Malaspina
790 4213 1105 4277 conjectured
1120 4213 1269 4274 silem}
1292 4211 1457 4261 which
1474 4212 1642 4262 would
1739 4211 1906 4263 where
1944 4211 1972 4261 1
1995 4213 2164 4263 would
2189 4214 2308 4263 read
2337 4215 2544 4274 lepidum
2569 4215 2690 4276 quid
2713 4229 2771 4262 ne
2795 4230 2888 4276 quo

488 4278 732 4343 certainly
807 4278 885 4328 've
921 4294 952 4326 a
985 4278 1144 4327 better
1178 4291 1348 4338 sense3
1389 4276 1480 4325 but
1512 4276 1556 4326 it
1591 4276 1639 4327 is
1739 4291 1983 4327 nomn.

490 4343 604 4392 raah
624 4348 678 4392 to
699 4359 748 4391 m
871 4358 936 4392 an
957 4341 1218 4392 alteration
1237 4340 1292 4391 in
1313 4342 1437 4391 such
1466 4356 1634 4403 casem
1793 4358 1933 4402 poue
1984 4342 2188 4404 probari
2240 4357 2334 4391 mm
2384 4359 2480 4392 em
2539 4358 2688 4392 neam
2781 4341 2890 4394 The

488 4410 661 4456 siletur
683 4406 821 4471 gives
842 4422 873 4455 a
893 4407 1018 4470 good
1039 4422 1193 4456 sense.
1737 4407 1940 4456 modern
1960 4407 2227 4457 deti-actoru
2249 4409 2306 4457 of
2323 4406 2492 4458 Cicero
2513 4406 2656 4457 make
2739 4406 2780 4458 ’s
2799 4407 2888 4458 the

553 4475 705 4522 eodem
750 4470 965 4536 tribum]
1053 4469 1237 4521 ‘What
1277 4469 1406 4535 hope
1447 4469 1576 4522 have
1606 4470 1636 4521 1
1737 4472 1929 4536 ground
1972 4470 2029 4520 of
2069 4487 2202 4521 some
2238 4488 2361 4536 very
2391 4471 2580 4523 violent
2613 4473 2886 4523 denuncia-

489 4535 614 4587 with
651 4535 853 4586 Clodius
889 4534 1153 4586 re-elected
1187 4552 1242 4586 as
1278 4535 1494 4599 tribune,
1537 4536 1638 4587 and
1736 4537 1868 4587 tions
1889 4536 1943 4587 of
1965 4535 2152 4586 Cicero.
2212 4536 2263 4586 It
2284 4553 2441 4588 seems
2461 4544 2514 4587 to
2533 4552 2613 4586 me
2627 4537 2741 4588 that
2759 4552 2889 4588 even
