<?xml version="1.0" encoding="UTF-8"?>
<!DOCTYPE html PUBLIC "-//W3C//DTD XHTML 1.0 Transitional//EN"
    "http://www.w3.org/TR/xhtml1/DTD/xhtml1-transitional.dtd">
<html xmlns="http://www.w3.org/1999/xhtml" xml:lang="en" lang="en">
 <head>
  <title>
</title>
<meta http-equiv="Content-Type" content="text/html;charset=utf-8" />
  <meta name='ocr-system' content='tesseract 3.04.00' />
  <meta name='ocr-capabilities' content='ocr_page ocr_carea ocr_par ocr_line ocrx_word'/>
</head>
<body>
  <div class='ocr_page' id='page_1' title='image "./correspondencem02pursgoog_0187.png"; bbox 0 0 3229 5145; ppageno 0'>
   <div class='ocr_carea' id='block_1_1' title="bbox 875 472 2653 558">
    <p class='ocr_par' dir='ltr' id='par_1_1' title="bbox 875 472 2653 558">
     <span class='ocr_line' id='line_1_1' title="bbox 875 472 2653 558; baseline 0.001 -19"><span class='ocrx_word' id='word_1_1' title='bbox 875 475 1019 539; x_wconf 86' lang='grc' dir='ltr'><strong>ΕΡ.</strong></span> <span class='ocrx_word' id='word_1_2' title='bbox 1067 474 1238 538; x_wconf 80' lang='lat' dir='ltr'><strong><em>XII.</em></strong></span> <span class='ocrx_word' id='word_1_3' title='bbox 1292 472 1450 558; x_wconf 89' lang='lat' dir='ltr'><strong>(DE</strong></span> <span class='ocrx_word' id='word_1_4' title='bbox 1489 473 1693 538; x_wconf 86' lang='lat' dir='ltr'><strong><em>PET.</em></strong></span> <span class='ocrx_word' id='word_1_5' title='bbox 1748 474 2031 558; x_wconf 81' lang='lat' dir='ltr'><em>CONS.)</em></span> <span class='ocrx_word' id='word_1_6' title='bbox 2531 477 2653 542; x_wconf 88' lang='lat'><strong>161</strong></span> 
     </span>
    </p>
   </div>
   <div class='ocr_carea' id='block_1_2' title="bbox 262 646 2666 3227">
    <p class='ocr_par' dir='ltr' id='par_1_2' title="bbox 262 646 2655 840">
     <span class='ocr_line' id='line_1_2' title="bbox 262 646 2655 735; baseline 0.002 -21"><span class='ocrx_word' id='word_1_7' title='bbox 262 651 451 735; x_wconf 88' lang='lat' dir='ltr'><strong>petas</strong></span> <span class='ocrx_word' id='word_1_8' title='bbox 501 651 564 715; x_wconf 93' lang='lat' dir='ltr'><strong>et</strong></span> <span class='ocrx_word' id='word_1_9' title='bbox 607 649 825 715; x_wconf 83' lang='lat' dir='ltr'><strong>videas</strong></span> <span class='ocrx_word' id='word_1_10' title='bbox 880 671 1011 714; x_wconf 66' lang='lat' dir='ltr'><strong>eme</strong></span> <span class='ocrx_word' id='word_1_11' title='bbox 1060 646 1292 727; x_wconf 87' lang='lat' dir='ltr'><strong>studia,</strong></span> <span class='ocrx_word' id='word_1_12' title='bbox 1339 669 1503 733; x_wconf 90' lang='lat' dir='ltr'><strong>quae</strong></span> <span class='ocrx_word' id='word_1_13' title='bbox 1552 646 1675 714; x_wconf 91' lang='lat' dir='ltr'><strong>tibi</strong></span> <span class='ocrx_word' id='word_1_14' title='bbox 1726 649 2155 729; x_wconf 75' lang='lat' dir='ltr'><strong>adversentur,</strong></span> <span class='ocrx_word' id='word_1_15' title='bbox 2201 648 2503 717; x_wconf 76' lang='lat' dir='ltr'><strong>adhibeas</strong></span> <span class='ocrx_word' id='word_1_16' title='bbox 2544 672 2655 718; x_wconf 89' lang='lat' dir='ltr'><strong>ne-</strong></span> 
     </span>
     <span class='ocr_line' id='line_1_3' title="bbox 263 751 2485 840; baseline 0.001 -23"><span class='ocrx_word' id='word_1_17' title='bbox 263 775 435 819; x_wconf 82' lang='lat' dir='ltr'><strong>cesse</strong></span> <span class='ocrx_word' id='word_1_18' title='bbox 464 757 561 819; x_wconf 88' lang='lat' dir='ltr'><strong>est</strong></span> <span class='ocrx_word' id='word_1_19' title='bbox 589 775 845 819; x_wconf 91' lang='lat' dir='ltr'><strong>omnem</strong></span> <span class='ocrx_word' id='word_1_20' title='bbox 879 753 1192 818; x_wconf 90' lang='lat' dir='ltr'><strong>rationem</strong></span> <span class='ocrx_word' id='word_1_21' title='bbox 1223 756 1289 817; x_wconf 91' lang='lat' dir='ltr'><strong>et</strong></span> <span class='ocrx_word' id='word_1_22' title='bbox 1316 773 1534 816; x_wconf 88' lang='lat' dir='ltr'><strong>curam</strong></span> <span class='ocrx_word' id='word_1_23' title='bbox 1563 756 1630 817; x_wconf 91' lang='lat' dir='ltr'><strong>et</strong></span> <span class='ocrx_word' id='word_1_24' title='bbox 1656 751 1939 818; x_wconf 92' lang='lat' dir='ltr'><strong>laborem</strong></span> <span class='ocrx_word' id='word_1_25' title='bbox 1968 759 2033 819; x_wconf 94' lang='lat' dir='ltr'><strong>et</strong></span> <span class='ocrx_word' id='word_1_26' title='bbox 2062 754 2485 840; x_wconf 78' lang='lat' dir='ltr'><strong>diligentiam.</strong></span> 
     </span>
    </p>

    <p class='ocr_par' dir='ltr' id='par_1_3' title="bbox 263 855 2666 3227">
     <span class='ocr_line' id='line_1_4' title="bbox 397 855 2659 944; baseline 0 -21"><span class='ocrx_word' id='word_1_27' title='bbox 397 855 483 923; x_wconf 85' lang='lat' dir='ltr'><strong>V.</strong></span> <span class='ocrx_word' id='word_1_28' title='bbox 534 859 635 923; x_wconf 88' lang='lat'><strong>16.</strong></span> <span class='ocrx_word' id='word_1_29' title='bbox 682 858 775 924; x_wconf 88' lang='lat' dir='ltr'><strong>Et</strong></span> <span class='ocrx_word' id='word_1_30' title='bbox 812 857 1037 944; x_wconf 89' lang='lat' dir='ltr'><strong>petitio</strong></span> <span class='ocrx_word' id='word_1_31' title='bbox 1075 856 1489 943; x_wconf 77' lang='lat' dir='ltr'><strong>magistratus</strong></span> <span class='ocrx_word' id='word_1_32' title='bbox 1526 856 1733 921; x_wconf 84' lang='lat' dir='ltr'><strong>divisa</strong></span> <span class='ocrx_word' id='word_1_33' title='bbox 1774 860 1869 921; x_wconf 90' lang='lat' dir='ltr'><strong>est</strong></span> <span class='ocrx_word' id='word_1_34' title='bbox 1907 857 1978 922; x_wconf 92' lang='lat' dir='ltr'><strong>in</strong></span> <span class='ocrx_word' id='word_1_35' title='bbox 2022 856 2295 924; x_wconf 88' lang='lat' dir='ltr'><strong>duarum</strong></span> <span class='ocrx_word' id='word_1_36' title='bbox 2333 858 2659 924; x_wconf 87' lang='lat' dir='ltr'><strong>rationum</strong></span> 
     </span>
     <span class='ocr_line' id='line_1_5' title="bbox 265 959 2660 1048; baseline 0.001 -23"><span class='ocrx_word' id='word_1_37' title='bbox 265 960 698 1048; x_wconf 79' lang='lat' dir='ltr'><strong>diligentiam,</strong></span> <span class='ocrx_word' id='word_1_38' title='bbox 745 982 1016 1047; x_wconf 89' lang='lat' dir='ltr'><strong>quarum</strong></span> <span class='ocrx_word' id='word_1_39' title='bbox 1065 960 1268 1026; x_wconf 90' lang='lat' dir='ltr'><strong>altera</strong></span> <span class='ocrx_word' id='word_1_40' title='bbox 1311 959 1383 1025; x_wconf 94' lang='lat' dir='ltr'><strong>in</strong></span> <span class='ocrx_word' id='word_1_41' title='bbox 1429 960 1778 1025; x_wconf 87' lang='lat' dir='ltr'><strong>amicorum</strong></span> <span class='ocrx_word' id='word_1_42' title='bbox 1824 959 2072 1040; x_wconf 89' lang='lat' dir='ltr'><strong>studiis,</strong></span> <span class='ocrx_word' id='word_1_43' title='bbox 2111 960 2312 1026; x_wconf 89' lang='lat' dir='ltr'><strong>altera</strong></span> <span class='ocrx_word' id='word_1_44' title='bbox 2345 961 2416 1026; x_wconf 90' lang='lat' dir='ltr'><strong>in</strong></span> <span class='ocrx_word' id='word_1_45' title='bbox 2457 983 2660 1047; x_wconf 93' lang='lat' dir='ltr'><strong>popu-</strong></span> 
     </span>
     <span class='ocr_line' id='line_1_6' title="bbox 267 1063 2662 1151; baseline 0.001 -23"><span class='ocrx_word' id='word_1_46' title='bbox 267 1064 393 1129; x_wconf 87' lang='lat' dir='ltr'><strong>lari</strong></span> <span class='ocrx_word' id='word_1_47' title='bbox 419 1064 754 1131; x_wconf 86' lang='lat' dir='ltr'><strong>voluntate</strong></span> <span class='ocrx_word' id='word_1_48' title='bbox 790 1064 1088 1151; x_wconf 92' lang='lat' dir='ltr'><strong>ponenda</strong></span> <span class='ocrx_word' id='word_1_49' title='bbox 1121 1066 1233 1129; x_wconf 90' lang='lat' dir='ltr'><strong>est.</strong></span> <span class='ocrx_word' id='word_1_50' title='bbox 1323 1063 1699 1129; x_wconf 87' lang='lat' dir='ltr'><strong>Amicorum</strong></span> <span class='ocrx_word' id='word_1_51' title='bbox 1735 1064 1948 1129; x_wconf 88' lang='lat' dir='ltr'><strong>studia</strong></span> <span class='ocrx_word' id='word_1_52' title='bbox 1985 1063 2307 1130; x_wconf 84' lang='lat' dir='ltr'><strong>beneflciis</strong></span> <span class='ocrx_word' id='word_1_53' title='bbox 2340 1069 2405 1131; x_wconf 91' lang='lat' dir='ltr'><strong>et</strong></span> <span class='ocrx_word' id='word_1_54' title='bbox 2442 1066 2662 1131; x_wconf 87' lang='lat' dir='ltr'><strong>officiis</strong></span> 
     </span>
     <span class='ocr_line' id='line_1_7' title="bbox 267 1167 2658 1254; baseline -0 -20"><span class='ocrx_word' id='word_1_55' title='bbox 267 1173 339 1234; x_wconf 86' lang='lat' dir='ltr'><strong>et</strong></span> <span class='ocrx_word' id='word_1_56' title='bbox 367 1172 685 1234; x_wconf 80' lang='lat' dir='ltr'><strong>vetustate</strong></span> <span class='ocrx_word' id='word_1_57' title='bbox 714 1173 779 1234; x_wconf 90' lang='lat' dir='ltr'><strong>et</strong></span> <span class='ocrx_word' id='word_1_58' title='bbox 806 1168 1117 1234; x_wconf 73' lang='lat' dir='ltr'><strong>facilitate</strong></span> <span class='ocrx_word' id='word_1_59' title='bbox 1154 1190 1228 1233; x_wconf 90' lang='lat' dir='ltr'><strong>ao</strong></span> <span class='ocrx_word' id='word_1_60' title='bbox 1265 1167 1665 1233; x_wconf 87' lang='lat' dir='ltr'><strong>iucunditate</strong></span> <span class='ocrx_word' id='word_1_61' title='bbox 1704 1171 1971 1233; x_wconf 90' lang='lat' dir='ltr'><strong>naturae</strong></span> <span class='ocrx_word' id='word_1_62' title='bbox 2010 1171 2198 1253; x_wconf 88' lang='lat' dir='ltr'><strong>parta</strong></span> <span class='ocrx_word' id='word_1_63' title='bbox 2231 1190 2364 1234; x_wconf 88' lang='lat' dir='ltr'><strong>esse</strong></span> <span class='ocrx_word' id='word_1_64' title='bbox 2392 1173 2658 1254; x_wconf 87' lang='lat' dir='ltr'><strong>oportet.</strong></span> 
     </span>
     <span class='ocr_line' id='line_1_8' title="bbox 269 1270 2663 1357; baseline 0.001 -20"><span class='ocrx_word' id='word_1_65' title='bbox 269 1270 403 1337; x_wconf 83' lang='lat' dir='ltr'><strong>Sed</strong></span> <span class='ocrx_word' id='word_1_66' title='bbox 429 1270 551 1337; x_wconf 89' lang='lat' dir='ltr'><strong>hoo</strong></span> <span class='ocrx_word' id='word_1_67' title='bbox 577 1294 813 1338; x_wconf 90' lang='lat' dir='ltr'><strong>nomen</strong></span> <span class='ocrx_word' id='word_1_68' title='bbox 854 1271 1201 1337; x_wconf 89' lang='lat' dir='ltr'><strong>amicorum</strong></span> <span class='ocrx_word' id='word_1_69' title='bbox 1230 1271 1299 1336; x_wconf 93' lang='lat' dir='ltr'><strong>in</strong></span> <span class='ocrx_word' id='word_1_70' title='bbox 1328 1271 1638 1357; x_wconf 91' lang='lat' dir='ltr'><strong>petitione</strong></span> <span class='ocrx_word' id='word_1_71' title='bbox 1673 1271 1867 1336; x_wconf 91' lang='lat' dir='ltr'><strong>latius</strong></span> <span class='ocrx_word' id='word_1_72' title='bbox 1901 1274 2081 1357; x_wconf 90' lang='lat' dir='ltr'><strong>patet</strong></span> <span class='ocrx_word' id='word_1_73' title='bbox 2117 1294 2310 1357; x_wconf 89' lang='lat' dir='ltr'><strong>quam</strong></span> <span class='ocrx_word' id='word_1_74' title='bbox 2348 1271 2419 1337; x_wconf 93' lang='lat' dir='ltr'><strong>in</strong></span> <span class='ocrx_word' id='word_1_75' title='bbox 2455 1277 2663 1339; x_wconf 89' lang='lat' dir='ltr'><strong>cetera</strong></span> 
     </span>
     <span class='ocr_line' id='line_1_9' title="bbox 267 1374 2663 1463; baseline 0 -21"><span class='ocrx_word' id='word_1_76' title='bbox 267 1375 427 1442; x_wconf 81' lang='lat' dir='ltr'><strong>vita.</strong></span> <span class='ocrx_word' id='word_1_77' title='bbox 520 1375 827 1460; x_wconf 82' lang='lat' dir='ltr'><strong>Quisquis</strong></span> <span class='ocrx_word' id='word_1_78' title='bbox 864 1379 960 1441; x_wconf 88' lang='lat' dir='ltr'><strong>est</strong></span> <span class='ocrx_word' id='word_1_79' title='bbox 998 1375 1171 1440; x_wconf 93' lang='lat' dir='ltr'><strong>enim</strong></span> <span class='ocrx_word' id='word_1_80' title='bbox 1207 1374 1320 1461; x_wconf 85' lang='lat' dir='ltr'><strong>qui</strong></span> <span class='ocrx_word' id='word_1_81' title='bbox 1359 1376 1654 1440; x_wconf 89' lang='lat' dir='ltr'><strong>ostendat</strong></span> <span class='ocrx_word' id='word_1_82' title='bbox 1681 1374 1927 1460; x_wconf 90' lang='lat' dir='ltr'><strong>aliquid</strong></span> <span class='ocrx_word' id='word_1_83' title='bbox 1954 1375 2024 1440; x_wconf 93' lang='lat' dir='ltr'><strong>in</strong></span> <span class='ocrx_word' id='word_1_84' title='bbox 2053 1378 2119 1441; x_wconf 88' lang='lat' dir='ltr'><strong>te</strong></span> <span class='ocrx_word' id='word_1_85' title='bbox 2148 1375 2518 1457; x_wconf 80' lang='lat' dir='ltr'><strong>voluntatis,</strong></span> <span class='ocrx_word' id='word_1_86' title='bbox 2549 1378 2663 1463; x_wconf 86' lang='lat' dir='ltr'><strong>qui</strong></span> 
     </span>
     <span class='ocr_line' id='line_1_10' title="bbox 268 1477 2663 1562; baseline 0.001 -19"><span class='ocrx_word' id='word_1_87' title='bbox 268 1479 536 1544; x_wconf 91' lang='lat' dir='ltr'><strong>domum</strong></span> <span class='ocrx_word' id='word_1_88' title='bbox 559 1479 851 1558; x_wconf 81' lang='lat' dir='ltr'><strong>ventitet,</strong></span> <span class='ocrx_word' id='word_1_89' title='bbox 873 1478 928 1543; x_wconf 90' lang='lat' dir='ltr'><strong>is</strong></span> <span class='ocrx_word' id='word_1_90' title='bbox 950 1478 1299 1544; x_wconf 87' lang='lat' dir='ltr'><strong>amicorum</strong></span> <span class='ocrx_word' id='word_1_91' title='bbox 1326 1477 1397 1543; x_wconf 93' lang='lat' dir='ltr'><strong>in</strong></span> <span class='ocrx_word' id='word_1_92' title='bbox 1426 1500 1694 1544; x_wconf 90' lang='lat' dir='ltr'><strong>numero</strong></span> <span class='ocrx_word' id='word_1_93' title='bbox 1723 1483 1819 1544; x_wconf 90' lang='lat' dir='ltr'><strong>est</strong></span> <span class='ocrx_word' id='word_1_94' title='bbox 1846 1477 2197 1544; x_wconf 88' lang='lat' dir='ltr'><strong>habendus.</strong></span> <span class='ocrx_word' id='word_1_95' title='bbox 2273 1478 2404 1545; x_wconf 82' lang='lat' dir='ltr'><strong>Sed</strong></span> <span class='ocrx_word' id='word_1_96' title='bbox 2422 1483 2663 1562; x_wconf 87' lang='lat' dir='ltr'><strong>tamen,</strong></span> 
     </span>
     <span class='ocr_line' id='line_1_11' title="bbox 267 1581 2663 1668; baseline 0.002 -21"><span class='ocrx_word' id='word_1_97' title='bbox 267 1582 385 1667; x_wconf 89' lang='lat' dir='ltr'><strong>qui</strong></span> <span class='ocrx_word' id='word_1_98' title='bbox 435 1586 586 1647; x_wconf 90' lang='lat' dir='ltr'><strong>sunt</strong></span> <span class='ocrx_word' id='word_1_99' title='bbox 633 1581 820 1647; x_wconf 90' lang='lat' dir='ltr'><strong>amici</strong></span> <span class='ocrx_word' id='word_1_100' title='bbox 870 1591 952 1647; x_wconf 80' lang='lat' dir='ltr'><strong>ex</strong></span> <span class='ocrx_word' id='word_1_101' title='bbox 1000 1604 1189 1647; x_wconf 89' lang='lat' dir='ltr'><strong>causa</strong></span> <span class='ocrx_word' id='word_1_102' title='bbox 1233 1582 1494 1648; x_wconf 89' lang='lat' dir='ltr'><strong>iustiore</strong></span> <span class='ocrx_word' id='word_1_103' title='bbox 1543 1582 1942 1668; x_wconf 87' lang='lat' dir='ltr'><strong>cognationis</strong></span> <span class='ocrx_word' id='word_1_104' title='bbox 1989 1586 2100 1648; x_wconf 86' lang='lat' dir='ltr'><strong>aut</strong></span> <span class='ocrx_word' id='word_1_105' title='bbox 2145 1581 2497 1649; x_wconf 87' lang='lat' dir='ltr'><strong>adfinitatis</strong></span> <span class='ocrx_word' id='word_1_106' title='bbox 2547 1590 2663 1652; x_wconf 87' lang='lat' dir='ltr'><strong>aut</strong></span> 
     </span>
     <span class='ocr_line' id='line_1_12' title="bbox 267 1685 2663 1766; baseline 0.002 -15"><span class='ocrx_word' id='word_1_107' title='bbox 267 1685 628 1752; x_wconf 82' lang='lat' dir='ltr'><strong>sodalitatis</strong></span> <span class='ocrx_word' id='word_1_108' title='bbox 668 1689 781 1750; x_wconf 89' lang='lat' dir='ltr'><strong>aut</strong></span> <span class='ocrx_word' id='word_1_109' title='bbox 819 1685 1086 1751; x_wconf 90' lang='lat' dir='ltr'><strong>alicuius</strong></span> <span class='ocrx_word' id='word_1_110' title='bbox 1123 1685 1624 1766; x_wconf 79' lang='lat' dir='ltr'><strong>necessitudinis,</strong></span> <span class='ocrx_word' id='word_1_111' title='bbox 1662 1685 1743 1751; x_wconf 87' lang='lat' dir='ltr'><strong>iis</strong></span> <span class='ocrx_word' id='word_1_112' title='bbox 1781 1707 1999 1751; x_wconf 88' lang='lat' dir='ltr'><strong>carum</strong></span> <span class='ocrx_word' id='word_1_113' title='bbox 2037 1691 2102 1753; x_wconf 91' lang='lat' dir='ltr'><strong>et</strong></span> <span class='ocrx_word' id='word_1_114' title='bbox 2140 1687 2491 1754; x_wconf 90' lang='lat' dir='ltr'><strong>iucundum</strong></span> <span class='ocrx_word' id='word_1_115' title='bbox 2530 1711 2663 1755; x_wconf 87' lang='lat' dir='ltr'><strong>esse</strong></span> 
     </span>
     <span class='ocr_line' id='line_1_13' title="bbox 266 1787 2666 1876; baseline 0.001 -21"><span class='ocrx_word' id='word_1_116' title='bbox 266 1790 551 1856; x_wconf 86' lang='lat' dir='ltr'><strong>maxime</strong></span> <span class='ocrx_word' id='word_1_117' title='bbox 592 1790 867 1876; x_wconf 86' lang='lat' dir='ltr'><strong>prodest.</strong></span> <span class='ocrx_word' id='word_1_118' title='bbox 959 1790 1061 1853; x_wconf 88' lang='lat'><strong>17.</strong></span> <span class='ocrx_word' id='word_1_119' title='bbox 1107 1787 1362 1854; x_wconf 90' lang='lat' dir='ltr'><strong>Deinde</strong></span> <span class='ocrx_word' id='word_1_120' title='bbox 1402 1793 1478 1854; x_wconf 98' lang='grc' dir='ltr'><strong>ιιι</strong></span> <span class='ocrx_word' id='word_1_121' title='bbox 1514 1788 1783 1875; x_wconf 90' lang='lat' dir='ltr'><strong>quisque</strong></span> <span class='ocrx_word' id='word_1_122' title='bbox 1822 1794 1918 1855; x_wconf 90' lang='lat' dir='ltr'><strong>est</strong></span> <span class='ocrx_word' id='word_1_123' title='bbox 1959 1790 2228 1857; x_wconf 91' lang='lat' dir='ltr'><strong>intimus</strong></span> <span class='ocrx_word' id='word_1_124' title='bbox 2269 1814 2343 1856; x_wconf 91' lang='lat' dir='ltr'><strong>ao</strong></span> <span class='ocrx_word' id='word_1_125' title='bbox 2383 1792 2666 1858; x_wconf 83' lang='lat' dir='ltr'><strong>maxime</strong></span> 
     </span>
     <span class='ocr_line' id='line_1_14' title="bbox 267 1891 2665 1981; baseline 0 -21"><span class='ocrx_word' id='word_1_126' title='bbox 267 1893 672 1971; x_wconf 85' lang='lat' dir='ltr'><strong>domesticus,</strong></span> <span class='ocrx_word' id='word_1_127' title='bbox 701 1896 777 1958; x_wconf 91' lang='lat' dir='ltr'><strong>ut</strong></span> <span class='ocrx_word' id='word_1_128' title='bbox 804 1891 862 1957; x_wconf 89' lang='lat' dir='ltr'><strong>is</strong></span> <span class='ocrx_word' id='word_1_129' title='bbox 889 1896 1061 1958; x_wconf 88' lang='lat' dir='ltr'><strong>amet</strong></span> <span class='ocrx_word' id='word_1_130' title='bbox 1099 1895 1164 1957; x_wconf 93' lang='lat' dir='ltr'><strong>et</strong></span> <span class='ocrx_word' id='word_1_131' title='bbox 1202 1913 1398 1977; x_wconf 91' lang='lat' dir='ltr'><strong>quam</strong></span> <span class='ocrx_word' id='word_1_132' title='bbox 1433 1892 1899 1978; x_wconf 84' lang='lat' dir='ltr'><strong>amplissimum</strong></span> <span class='ocrx_word' id='word_1_133' title='bbox 1937 1915 2070 1959; x_wconf 88' lang='lat' dir='ltr'><strong>esse</strong></span> <span class='ocrx_word' id='word_1_134' title='bbox 2108 1898 2175 1960; x_wconf 92' lang='lat' dir='ltr'><strong>te</strong></span> <span class='ocrx_word' id='word_1_135' title='bbox 2211 1893 2446 1981; x_wconf 88' lang='lat' dir='ltr'><strong>cupiat,</strong></span> <span class='ocrx_word' id='word_1_136' title='bbox 2476 1895 2665 1961; x_wconf 76' lang='lat' dir='ltr'><strong>valde</strong></span> 
     </span>
     <span class='ocr_line' id='line_1_15' title="bbox 267 1995 2665 2085; baseline -0 -19"><span class='ocrx_word' id='word_1_137' title='bbox 267 1999 728 2066; x_wconf 87' lang='lat' dir='ltr'><strong>elaborandum</strong></span> <span class='ocrx_word' id='word_1_138' title='bbox 764 2001 881 2076; x_wconf 85' lang='lat' dir='ltr'><strong>est,</strong></span> <span class='ocrx_word' id='word_1_139' title='bbox 910 1999 1052 2061; x_wconf 84' lang='lat' dir='ltr'><strong>tum</strong></span> <span class='ocrx_word' id='word_1_140' title='bbox 1090 2000 1166 2061; x_wconf 88' lang='lat' dir='ltr'><strong>ut</strong></span> <span class='ocrx_word' id='word_1_141' title='bbox 1198 1995 1484 2076; x_wconf 84' lang='lat' dir='ltr'><strong>tribules,</strong></span> <span class='ocrx_word' id='word_1_142' title='bbox 1513 1999 1589 2061; x_wconf 89' lang='lat' dir='ltr'><strong>ut</strong></span> <span class='ocrx_word' id='word_1_143' title='bbox 1617 1995 1831 2076; x_wconf 85' lang='lat' dir='ltr'><strong>vicini,</strong></span> <span class='ocrx_word' id='word_1_144' title='bbox 1861 2000 1936 2061; x_wconf 89' lang='lat' dir='ltr'><strong>ut</strong></span> <span class='ocrx_word' id='word_1_145' title='bbox 1971 1997 2251 2078; x_wconf 86' lang='lat' dir='ltr'><strong>clientes,</strong></span> <span class='ocrx_word' id='word_1_146' title='bbox 2284 2004 2360 2064; x_wconf 89' lang='grc' dir='ltr'><strong>ιιι</strong></span> <span class='ocrx_word' id='word_1_147' title='bbox 2388 1998 2665 2085; x_wconf 90' lang='lat' dir='ltr'><strong>denique</strong></span> 
     </span>
     <span class='ocr_line' id='line_1_16' title="bbox 267 2098 2662 2189; baseline -0.001 -18"><span class='ocrx_word' id='word_1_148' title='bbox 267 2104 507 2183; x_wconf 90' lang='lat' dir='ltr'><strong>liberti,</strong></span> <span class='ocrx_word' id='word_1_149' title='bbox 537 2107 856 2189; x_wconf 90' lang='lat' dir='ltr'><strong>postremo</strong></span> <span class='ocrx_word' id='word_1_150' title='bbox 884 2099 1076 2166; x_wconf 88' lang='lat' dir='ltr'><strong>etiam</strong></span> <span class='ocrx_word' id='word_1_151' title='bbox 1117 2099 1282 2165; x_wconf 83' lang='lat' dir='ltr'><strong>servi</strong></span> <span class='ocrx_word' id='word_1_152' title='bbox 1308 2099 1445 2165; x_wconf 85' lang='lat' dir='ltr'><strong>tui:</strong></span> <span class='ocrx_word' id='word_1_153' title='bbox 1490 2121 1646 2165; x_wconf 90' lang='lat' dir='ltr'><strong>nam</strong></span> <span class='ocrx_word' id='word_1_154' title='bbox 1684 2098 1818 2165; x_wconf 81' lang='lat' dir='ltr'><strong>fere</strong></span> <span class='ocrx_word' id='word_1_155' title='bbox 1857 2100 2065 2166; x_wconf 91' lang='lat' dir='ltr'><strong>omnis</strong></span> <span class='ocrx_word' id='word_1_156' title='bbox 2103 2123 2307 2168; x_wconf 88' lang='lat' dir='ltr'><strong>sermo</strong></span> <span class='ocrx_word' id='word_1_157' title='bbox 2337 2103 2422 2167; x_wconf 92' lang='lat' dir='ltr'><strong>ad</strong></span> <span class='ocrx_word' id='word_1_158' title='bbox 2451 2102 2662 2169; x_wconf 81' lang='lat' dir='ltr'><strong>foren-</strong></span> 
     </span>
     <span class='ocr_line' id='line_1_17' title="bbox 267 2202 2666 2291; baseline 0 -18"><span class='ocrx_word' id='word_1_159' title='bbox 267 2230 406 2274; x_wconf 88' lang='lat' dir='ltr'><strong>sem</strong></span> <span class='ocrx_word' id='word_1_160' title='bbox 451 2206 693 2272; x_wconf 83' lang='lat' dir='ltr'><strong>famam</strong></span> <span class='ocrx_word' id='word_1_161' title='bbox 743 2228 786 2270; x_wconf 91' lang='lat' dir='ltr'><strong>a</strong></span> <span class='ocrx_word' id='word_1_162' title='bbox 832 2203 1191 2270; x_wconf 79' lang='lat' dir='ltr'><strong>domesticis</strong></span> <span class='ocrx_word' id='word_1_163' title='bbox 1240 2207 1497 2268; x_wconf 88' lang='lat' dir='ltr'><strong>emanat</strong></span> <span class='ocrx_word' id='word_1_164' title='bbox 1547 2202 1929 2269; x_wconf 86' lang='lat' dir='ltr'><strong>auctoribus.</strong></span> <span class='ocrx_word' id='word_1_165' title='bbox 2021 2204 2123 2269; x_wconf 91' lang='lat'><strong>18.</strong></span> <span class='ocrx_word' id='word_1_166' title='bbox 2170 2203 2470 2291; x_wconf 92' lang='lat' dir='ltr'><strong>Denique</strong></span> <span class='ocrx_word' id='word_1_167' title='bbox 2513 2212 2666 2274; x_wconf 87' lang='lat' dir='ltr'><strong>sunt</strong></span> 
     </span>
     <span class='ocr_line' id='line_1_18' title="bbox 266 2305 2665 2394; baseline -0 -17"><span class='ocrx_word' id='word_1_168' title='bbox 266 2309 653 2377; x_wconf 82' lang='lat' dir='ltr'><strong>instituendi</strong></span> <span class='ocrx_word' id='word_1_169' title='bbox 689 2307 994 2393; x_wconf 84' lang='lat' dir='ltr'><strong>cuiusque</strong></span> <span class='ocrx_word' id='word_1_170' title='bbox 1032 2306 1286 2394; x_wconf 89' lang='lat' dir='ltr'><strong>generis</strong></span> <span class='ocrx_word' id='word_1_171' title='bbox 1323 2305 1546 2386; x_wconf 84' lang='lat' dir='ltr'><strong>amiei3</strong></span> <span class='ocrx_word' id='word_1_172' title='bbox 1592 2307 1678 2372; x_wconf 89' lang='lat' dir='ltr'><strong>ad</strong></span> <span class='ocrx_word' id='word_1_173' title='bbox 1717 2306 2008 2392; x_wconf 85' lang='lat' dir='ltr'><strong>speciem,</strong></span> <span class='ocrx_word' id='word_1_174' title='bbox 2051 2305 2342 2374; x_wconf 87' lang='lat' dir='ltr'><strong>homines</strong></span> <span class='ocrx_word' id='word_1_175' title='bbox 2384 2308 2665 2376; x_wconf 83' lang='lat' dir='ltr'><strong>illustres</strong></span> 
     </span>
     <span class='ocr_line' id='line_1_19' title="bbox 266 2408 2662 2496; baseline -0.001 -15"><span class='ocrx_word' id='word_1_176' title='bbox 266 2414 510 2480; x_wconf 88' lang='lat' dir='ltr'><strong>honore</strong></span> <span class='ocrx_word' id='word_1_177' title='bbox 547 2435 621 2478; x_wconf 90' lang='lat' dir='ltr'><strong>ao</strong></span> <span class='ocrx_word' id='word_1_178' title='bbox 669 2410 950 2491; x_wconf 87' lang='lat' dir='ltr'><strong>nomine,</strong></span> <span class='ocrx_word' id='word_1_179' title='bbox 1002 2409 1116 2495; x_wconf 91' lang='lat' dir='ltr'><strong>qui</strong></span> <span class='ocrx_word' id='word_1_180' title='bbox 1166 2409 1361 2475; x_wconf 89' lang='lat' dir='ltr'><strong>etiam</strong></span> <span class='ocrx_word' id='word_1_181' title='bbox 1412 2408 1468 2475; x_wconf 90' lang='lat' dir='ltr'><strong>si</strong></span> <span class='ocrx_word' id='word_1_182' title='bbox 1516 2410 1917 2496; x_wconf 79' lang='lat' dir='ltr'><strong>suffragandi</strong></span> <span class='ocrx_word' id='word_1_183' title='bbox 1965 2411 2180 2476; x_wconf 88' lang='lat' dir='ltr'><strong>studia</strong></span> <span class='ocrx_word' id='word_1_184' title='bbox 2223 2434 2356 2478; x_wconf 93' lang='lat' dir='ltr'><strong>non</strong></span> <span class='ocrx_word' id='word_1_185' title='bbox 2397 2417 2662 2494; x_wconf 80' lang='lat' dir='ltr'><strong>navant,</strong></span> 
     </span>
     <span class='ocr_line' id='line_1_20' title="bbox 266 2513 2659 2602; baseline -0 -17"><span class='ocrx_word' id='word_1_186' title='bbox 266 2523 488 2585; x_wconf 91' lang='lat' dir='ltr'><strong>tamen</strong></span> <span class='ocrx_word' id='word_1_187' title='bbox 537 2515 841 2583; x_wconf 77' lang='lat' dir='ltr'><strong>adferunt</strong></span> <span class='ocrx_word' id='word_1_188' title='bbox 889 2513 1149 2602; x_wconf 89' lang='lat' dir='ltr'><strong>petitori</strong></span> <span class='ocrx_word' id='word_1_189' title='bbox 1199 2513 1446 2601; x_wconf 90' lang='lat' dir='ltr'><strong>aliquid</strong></span> <span class='ocrx_word' id='word_1_190' title='bbox 1503 2513 1861 2602; x_wconf 86' lang='lat' dir='ltr'><strong>dignitatis,</strong></span> <span class='ocrx_word' id='word_1_191' title='bbox 1925 2514 2008 2580; x_wconf 88' lang='lat' dir='ltr'><strong>ad</strong></span> <span class='ocrx_word' id='word_1_192' title='bbox 2065 2514 2167 2581; x_wconf 92' lang='lat' dir='ltr'><strong>ius</strong></span> <span class='ocrx_word' id='word_1_193' title='bbox 2217 2513 2659 2599; x_wconf 90' lang='lat' dir='ltr'><strong>obtinendum,</strong></span> 
     </span>
     <span class='ocr_line' id='line_1_21' title="bbox 265 2618 2662 2710; baseline -0 -21"><span class='ocrx_word' id='word_1_194' title='bbox 265 2623 701 2710; x_wconf 82' lang='lat' dir='ltr'><strong>magistratus,</strong></span> <span class='ocrx_word' id='word_1_195' title='bbox 749 2642 831 2685; x_wconf 86' lang='lat' dir='ltr'><strong>ex</strong></span> <span class='ocrx_word' id='word_1_196' title='bbox 876 2618 1108 2705; x_wconf 89' lang='lat' dir='ltr'><strong>quibus</strong></span> <span class='ocrx_word' id='word_1_197' title='bbox 1158 2619 1440 2685; x_wconf 82' lang='lat' dir='ltr'><strong>maxime</strong></span> <span class='ocrx_word' id='word_1_198' title='bbox 1490 2618 1797 2698; x_wconf 87' lang='lat' dir='ltr'><strong>consules,</strong></span> <span class='ocrx_word' id='word_1_199' title='bbox 1850 2618 2082 2684; x_wconf 89' lang='lat' dir='ltr'><strong>deinde</strong></span> <span class='ocrx_word' id='word_1_200' title='bbox 2131 2618 2377 2686; x_wconf 90' lang='lat' dir='ltr'><strong>tribuni</strong></span> <span class='ocrx_word' id='word_1_201' title='bbox 2420 2620 2532 2707; x_wconf 90' lang='lat' dir='ltr'><strong>pl.,</strong></span> <span class='ocrx_word' id='word_1_202' title='bbox 2577 2623 2662 2688; x_wconf 90' lang='lat' dir='ltr'><strong>ad</strong></span> 
     </span>
     <span class='ocr_line' id='line_1_22' title="bbox 264 2721 2660 2808; baseline -0 -16"><span class='ocrx_word' id='word_1_203' title='bbox 264 2725 689 2792; x_wconf 86' lang='lat' dir='ltr'><strong>conficiendas</strong></span> <span class='ocrx_word' id='word_1_204' title='bbox 745 2723 1082 2802; x_wconf 80' lang='lat' dir='ltr'><strong>centurias,</strong></span> <span class='ocrx_word' id='word_1_205' title='bbox 1138 2721 1430 2788; x_wconf 91' lang='lat' dir='ltr'><strong>homines</strong></span> <span class='ocrx_word' id='word_1_206' title='bbox 1486 2721 1823 2787; x_wconf 79' lang='lat' dir='ltr'><strong>excellenti</strong></span> <span class='ocrx_word' id='word_1_207' title='bbox 1886 2722 2116 2808; x_wconf 85' lang='lat' dir='ltr'><strong>gratia.</strong></span> <span class='ocrx_word' id='word_1_208' title='bbox 2237 2723 2370 2796; x_wconf 84' lang='lat' dir='ltr'><strong>Qui</strong></span> <span class='ocrx_word' id='word_1_209' title='bbox 2426 2724 2538 2790; x_wconf 87' lang='lat' dir='ltr'><strong>abs</strong></span> <span class='ocrx_word' id='word_1_210' title='bbox 2594 2729 2660 2791; x_wconf 93' lang='lat' dir='ltr'><strong>te</strong></span> 
     </span>
     <span class='ocr_line' id='line_1_23' title="bbox 263 2824 2659 2911; baseline -0 -15"><span class='ocrx_word' id='word_1_211' title='bbox 263 2829 512 2897; x_wconf 86' lang='lat' dir='ltr'><strong>tribum</strong></span> <span class='ocrx_word' id='word_1_212' title='bbox 557 2833 670 2895; x_wconf 90' lang='lat' dir='ltr'><strong>aut</strong></span> <span class='ocrx_word' id='word_1_213' title='bbox 722 2826 1076 2893; x_wconf 80' lang='lat' dir='ltr'><strong>centuriam</strong></span> <span class='ocrx_word' id='word_1_214' title='bbox 1125 2830 1240 2891; x_wconf 87' lang='lat' dir='ltr'><strong>aut</strong></span> <span class='ocrx_word' id='word_1_215' title='bbox 1285 2826 1545 2911; x_wconf 89' lang='lat' dir='ltr'><strong>aliquod</strong></span> <span class='ocrx_word' id='word_1_216' title='bbox 1600 2824 1979 2891; x_wconf 84' lang='lat' dir='ltr'><strong>beneficium</strong></span> <span class='ocrx_word' id='word_1_217' title='bbox 2039 2830 2152 2892; x_wconf 90' lang='lat' dir='ltr'><strong>aut</strong></span> <span class='ocrx_word' id='word_1_218' title='bbox 2207 2825 2488 2894; x_wconf 87' lang='lat' dir='ltr'><strong>habeant</strong></span> <span class='ocrx_word' id='word_1_219' title='bbox 2545 2834 2659 2896; x_wconf 91' lang='lat' dir='ltr'><strong>aut</strong></span> 
     </span>
     <span class='ocr_line' id='line_1_24' title="bbox 263 2931 2655 3019; baseline -0.001 -19"><span class='ocrx_word' id='word_1_220' title='bbox 263 2932 501 3000; x_wconf 88' lang='lat' dir='ltr'><strong>habere</strong></span> <span class='ocrx_word' id='word_1_221' title='bbox 541 2935 814 3019; x_wconf 88' lang='lat' dir='ltr'><strong>sperent,</strong></span> <span class='ocrx_word' id='word_1_222' title='bbox 856 2951 961 2996; x_wconf 92' lang='lat' dir='ltr'><strong>eos</strong></span> <span class='ocrx_word' id='word_1_223' title='bbox 997 2951 1252 3016; x_wconf 87' lang='lat' dir='ltr'><strong>prorsus</strong></span> <span class='ocrx_word' id='word_1_224' title='bbox 1290 2951 1530 3016; x_wconf 86' lang='lat' dir='ltr'><strong>magno</strong></span> <span class='ocrx_word' id='word_1_225' title='bbox 1567 2951 1755 3016; x_wconf 88' lang='lat' dir='ltr'><strong>opere</strong></span> <span class='ocrx_word' id='word_1_226' title='bbox 1794 2933 1859 2994; x_wconf 91' lang='lat' dir='ltr'><strong>et</strong></span> <span class='ocrx_word' id='word_1_227' title='bbox 1897 2950 2193 3016; x_wconf 87' lang='lat' dir='ltr'><strong>compara</strong></span> <span class='ocrx_word' id='word_1_228' title='bbox 2228 2935 2294 2997; x_wconf 91' lang='lat' dir='ltr'><strong>et</strong></span> <span class='ocrx_word' id='word_1_229' title='bbox 2331 2931 2655 2998; x_wconf 85' lang='lat' dir='ltr'><strong>confirma.</strong></span> 
     </span>
     <span class='ocr_line' id='line_1_25' title="bbox 263 3032 2657 3122; baseline -0 -19"><span class='ocrx_word' id='word_1_230' title='bbox 263 3037 446 3103; x_wconf 89' lang='lat' dir='ltr'><strong>Nam</strong></span> <span class='ocrx_word' id='word_1_231' title='bbox 496 3057 610 3122; x_wconf 92' lang='lat' dir='ltr'><strong>per</strong></span> <span class='ocrx_word' id='word_1_232' title='bbox 655 3034 772 3100; x_wconf 89' lang='lat' dir='ltr'><strong>hos</strong></span> <span class='ocrx_word' id='word_1_233' title='bbox 822 3055 1023 3099; x_wconf 90' lang='lat' dir='ltr'><strong>annos</strong></span> <span class='ocrx_word' id='word_1_234' title='bbox 1070 3032 1359 3099; x_wconf 89' lang='lat' dir='ltr'><strong>homines</strong></span> <span class='ocrx_word' id='word_1_235' title='bbox 1410 3032 1731 3100; x_wconf 88' lang='lat' dir='ltr'><strong>ambitiosi</strong></span> <span class='ocrx_word' id='word_1_236' title='bbox 1774 3032 2181 3100; x_wconf 81' lang='lat' dir='ltr'><strong>vehementer</strong></span> <span class='ocrx_word' id='word_1_237' title='bbox 2226 3034 2402 3100; x_wconf 93' lang='lat' dir='ltr'><strong>omni</strong></span> <span class='ocrx_word' id='word_1_238' title='bbox 2444 3036 2657 3103; x_wconf 90' lang='lat' dir='ltr'><strong>studio</strong></span> 
     </span>
     <span class='ocr_line' id='line_1_26' title="bbox 263 3134 2655 3227; baseline -0 -20"><span class='ocrx_word' id='word_1_239' title='bbox 263 3145 462 3227; x_wconf 88' lang='lat' dir='ltr'><strong>atque</strong></span> <span class='ocrx_word' id='word_1_240' title='bbox 490 3161 680 3225; x_wconf 90' lang='lat' dir='ltr'><strong>opera</strong></span> <span class='ocrx_word' id='word_1_241' title='bbox 707 3135 1133 3216; x_wconf 89' lang='lat' dir='ltr'><strong>elaborarunt,</strong></span> <span class='ocrx_word' id='word_1_242' title='bbox 1162 3140 1239 3201; x_wconf 88' lang='lat' dir='ltr'><strong>ut</strong></span> <span class='ocrx_word' id='word_1_243' title='bbox 1266 3140 1523 3222; x_wconf 89' lang='lat' dir='ltr'><strong>possent</strong></span> <span class='ocrx_word' id='word_1_244' title='bbox 1552 3159 1593 3203; x_wconf 89' lang='lat' dir='ltr'><strong>a</strong></span> <span class='ocrx_word' id='word_1_245' title='bbox 1621 3134 1966 3203; x_wconf 89' lang='lat' dir='ltr'><strong>tribulibus</strong></span> <span class='ocrx_word' id='word_1_246' title='bbox 2005 3137 2135 3203; x_wconf 90' lang='lat' dir='ltr'><strong>suis</strong></span> <span class='ocrx_word' id='word_1_247' title='bbox 2163 3159 2258 3218; x_wconf 89' lang='lat' dir='ltr'><strong>ea,</strong></span> <span class='ocrx_word' id='word_1_248' title='bbox 2288 3161 2453 3224; x_wconf 86' lang='lat' dir='ltr'><strong>quae</strong></span> <span class='ocrx_word' id='word_1_249' title='bbox 2478 3144 2655 3226; x_wconf 88' lang='lat' dir='ltr'><strong>pete-</strong></span> 
     </span>
    </p>
   </div>
   <div class='ocr_carea' id='block_1_3' title="bbox 253 3338 2658 4050">
    <p class='ocr_par' dir='ltr' id='par_1_4' title="bbox 262 3338 2658 3601">
     <span class='ocr_line' id='line_1_27' title="bbox 333 3338 2658 3407; baseline 0.001 -15"><span class='ocrx_word' id='word_1_250' title='bbox 333 3348 412 3393; x_wconf 87' lang='grc'><strong>16.</strong></span> <span class='ocrx_word' id='word_1_251' title='bbox 447 3346 653 3392; x_wconf 69' lang='lat' dir='ltr'><strong>duarum</strong></span> <span class='ocrx_word' id='word_1_252' title='bbox 671 3342 912 3391; x_wconf 69' lang='lat' dir='ltr'><strong>rationum</strong></span> <span class='ocrx_word' id='word_1_253' title='bbox 934 3338 1056 3405; x_wconf 53' lang='lat' dir='ltr'><strong>ciffi]</strong></span> <span class='ocrx_word' id='word_1_254' title='bbox 1100 3338 1412 3404; x_wconf 73' lang='lat' dir='ltr'><strong>‘activityof</strong></span> <span class='ocrx_word' id='word_1_255' title='bbox 1578 3342 1654 3389; x_wconf 84' lang='lat'><strong>18.</strong></span> <span class='ocrx_word' id='word_1_256' title='bbox 1692 3342 1916 3403; x_wconf 64' lang='lat' dir='ltr'><strong>cuiusque</strong></span> <span class='ocrx_word' id='word_1_257' title='bbox 1939 3343 2125 3403; x_wconf 66' lang='lat' dir='ltr'><strong>qenes-is</strong></span> <span class='ocrx_word' id='word_1_258' title='bbox 2153 3340 2321 3407; x_wconf 76' lang='lat' dir='ltr'><strong>amici]</strong></span> <span class='ocrx_word' id='word_1_259' title='bbox 2387 3341 2546 3393; x_wconf 85' lang='lat' dir='ltr'><strong>These</strong></span> <span class='ocrx_word' id='word_1_260' title='bbox 2573 3359 2658 3394; x_wconf 82' lang='lat' dir='ltr'><strong>are</strong></span> 
     </span>
     <span class='ocr_line' id='line_1_28' title="bbox 264 3404 2651 3471; baseline 0 -13"><span class='ocrx_word' id='word_1_261' title='bbox 264 3418 368 3458; x_wconf 74' lang='lat' dir='ltr'><strong>two</strong></span> <span class='ocrx_word' id='word_1_262' title='bbox 390 3408 552 3467; x_wconf 83' lang='lat' dir='ltr'><strong>kinds,</strong></span> <span class='ocrx_word' id='word_1_263' title='bbox 578 3424 670 3456; x_wconf 85' lang='lat' dir='ltr'><strong>one</strong></span> <span class='ocrx_word' id='word_1_264' title='bbox 697 3411 749 3456; x_wconf 87' lang='lat' dir='ltr'><strong>to</strong></span> <span class='ocrx_word' id='word_1_265' title='bbox 776 3406 837 3456; x_wconf 89' lang='lat' dir='ltr'><strong>be</strong></span> <span class='ocrx_word' id='word_1_266' title='bbox 860 3405 1108 3454; x_wconf 79' lang='lat' dir='ltr'><strong>exercised</strong></span> <span class='ocrx_word' id='word_1_267' title='bbox 1130 3407 1182 3453; x_wconf 88' lang='lat' dir='ltr'><strong>in</strong></span> <span class='ocrx_word' id='word_1_268' title='bbox 1205 3407 1411 3469; x_wconf 81' lang='lat' dir='ltr'><strong>gaining</strong></span> <span class='ocrx_word' id='word_1_269' title='bbox 1508 3407 1575 3454; x_wconf 80' lang='lat' dir='ltr'><strong>ad</strong></span> <span class='ocrx_word' id='word_1_270' title='bbox 1605 3408 1819 3466; x_wconf 72' lang='lat' dir='ltr'><strong>speciem,</strong></span> <span class='ocrx_word' id='word_1_271' title='bbox 1855 3409 1867 3432; x_wconf 96' lang='lat'>‘</span> <span class='ocrx_word' id='word_1_272' title='bbox 1884 3405 1965 3455; x_wconf 82' lang='lat' dir='ltr'><strong>for</strong></span> <span class='ocrx_word' id='word_1_273' title='bbox 1992 3404 2128 3455; x_wconf 67' lang='lat' dir='ltr'><strong>show</strong></span> <span class='ocrx_word' id='word_1_274' title='bbox 2145 3406 2159 3431; x_wconf 78' lang='lat'><strong><em>⁹</em></strong></span> <span class='ocrx_word' id='word_1_275' title='bbox 2189 3405 2274 3470; x_wconf 80' lang='lat' dir='ltr'><strong>(cf.</strong></span> <span class='ocrx_word' id='word_1_276' title='bbox 2301 3410 2406 3456; x_wconf 69' lang='grc' dir='ltr'><strong>Διῒ.</strong></span> <span class='ocrx_word' id='word_1_277' title='bbox 2433 3410 2469 3458; x_wconf 82' lang='lat' dir='ltr'><strong>i.</strong></span> <span class='ocrx_word' id='word_1_278' title='bbox 2498 3412 2574 3471; x_wconf 87' lang='lat'><strong>18,</strong></span> <span class='ocrx_word' id='word_1_279' title='bbox 2605 3412 2651 3470; x_wconf 90' lang='lat'><strong>1,</strong></span> 
     </span>
     <span class='ocr_line' id='line_1_29' title="bbox 262 3468 2656 3535; baseline -0.001 -12"><span class='ocrx_word' id='word_1_280' title='bbox 262 3473 351 3524; x_wconf 80' lang='lat' dir='ltr'><strong>the</strong></span> <span class='ocrx_word' id='word_1_281' title='bbox 388 3472 493 3522; x_wconf 76' lang='lat' dir='ltr'><strong>zeal</strong></span> <span class='ocrx_word' id='word_1_282' title='bbox 535 3471 592 3521; x_wconf 78' lang='lat' dir='ltr'><strong>of</strong></span> <span class='ocrx_word' id='word_1_283' title='bbox 631 3487 758 3535; x_wconf 83' lang='lat' dir='ltr'><strong>your</strong></span> <span class='ocrx_word' id='word_1_284' title='bbox 800 3469 1000 3530; x_wconf 79' lang='lat' dir='ltr'><strong>friends,</strong></span> <span class='ocrx_word' id='word_1_285' title='bbox 1048 3468 1134 3518; x_wconf 87' lang='lat' dir='ltr'><strong>the</strong></span> <span class='ocrx_word' id='word_1_286' title='bbox 1178 3470 1318 3519; x_wconf 85' lang='lat' dir='ltr'><strong>other</strong></span> <span class='ocrx_word' id='word_1_287' title='bbox 1355 3468 1410 3519; x_wconf 89' lang='lat' dir='ltr'><strong>in</strong></span> <span class='ocrx_word' id='word_1_288' title='bbox 1507 3468 1796 3518; x_wconf 78' lang='lat' dir='ltr'><strong>ambitiosae</strong></span> <span class='ocrx_word' id='word_1_289' title='bbox 1824 3470 2119 3534; x_wconf 81' lang='lat' dir='ltr'><strong>fucosaeque</strong></span> <span class='ocrx_word' id='word_1_290' title='bbox 2148 3469 2444 3534; x_wconf 83' lang='lat' dir='ltr'><strong>amicitiae);</strong></span> <span class='ocrx_word' id='word_1_291' title='bbox 2482 3475 2548 3521; x_wconf 80' lang='lat' dir='ltr'><strong>ad</strong></span> <span class='ocrx_word' id='word_1_292' title='bbox 2578 3476 2656 3521; x_wconf 72' lang='lat' dir='ltr'><strong>ius</strong></span> 
     </span>
     <span class='ocr_line' id='line_1_30' title="bbox 263 3533 2657 3601; baseline 0 -14"><span class='ocrx_word' id='word_1_293' title='bbox 263 3538 472 3601; x_wconf 72' lang='lat' dir='ltr'><strong>gaining</strong></span> <span class='ocrx_word' id='word_1_294' title='bbox 501 3535 587 3586; x_wconf 83' lang='lat' dir='ltr'><strong>the</strong></span> <span class='ocrx_word' id='word_1_295' title='bbox 619 3534 880 3600; x_wconf 79' lang='lat' dir='ltr'><strong>good-will</strong></span> <span class='ocrx_word' id='word_1_296' title='bbox 910 3534 966 3584; x_wconf 83' lang='lat' dir='ltr'><strong>of</strong></span> <span class='ocrx_word' id='word_1_297' title='bbox 996 3533 1082 3583; x_wconf 86' lang='lat' dir='ltr'><strong>the</strong></span> <span class='ocrx_word' id='word_1_298' title='bbox 1113 3533 1320 3596; x_wconf 65' lang='lat' dir='ltr'><strong>public!</strong></span> <span class='ocrx_word' id='word_1_299' title='bbox 1507 3535 1825 3595; x_wconf 75' lang='lat' dir='ltr'><strong>obtinendum,</strong></span> <span class='ocrx_word' id='word_1_300' title='bbox 1857 3538 1939 3583; x_wconf 85' lang='lat' dir='ltr'><strong>‘to</strong></span> <span class='ocrx_word' id='word_1_301' title='bbox 1959 3535 2103 3584; x_wconf 83' lang='lat' dir='ltr'><strong>make</strong></span> <span class='ocrx_word' id='word_1_302' title='bbox 2133 3536 2261 3598; x_wconf 81' lang='lat' dir='ltr'><strong>good</strong></span> <span class='ocrx_word' id='word_1_303' title='bbox 2286 3536 2372 3585; x_wconf 81' lang='lat' dir='ltr'><strong>the</strong></span> <span class='ocrx_word' id='word_1_304' title='bbox 2397 3536 2580 3600; x_wconf 76' lang='lat' dir='ltr'><strong>justice</strong></span> <span class='ocrx_word' id='word_1_305' title='bbox 2599 3538 2657 3587; x_wconf 84' lang='lat' dir='ltr'><strong>of</strong></span> 
     </span>
    </p>

    <p class='ocr_par' dir='ltr' id='par_1_5' title="bbox 260 3597 2656 3729">
     <span class='ocr_line' id='line_1_31' title="bbox 327 3597 2656 3666; baseline -0.001 -15"><span class='ocrx_word' id='word_1_306' title='bbox 327 3603 561 3664; x_wconf 71' lang='lat' dir='ltr'><strong>benefieiis</strong></span> <span class='ocrx_word' id='word_1_307' title='bbox 591 3608 636 3649; x_wconf 75' lang='lat' dir='ltr'><strong>et</strong></span> <span class='ocrx_word' id='word_1_308' title='bbox 668 3598 852 3665; x_wconf 76' lang='lat' dir='ltr'><strong>officiis]</strong></span> <span class='ocrx_word' id='word_1_309' title='bbox 923 3598 1240 3649; x_wconf 80' lang='lat' dir='ltr'><strong>‘kindnesses</strong></span> <span class='ocrx_word' id='word_1_310' title='bbox 1279 3600 1405 3649; x_wconf 88' lang='lat' dir='ltr'><strong>done</strong></span> <span class='ocrx_word' id='word_1_311' title='bbox 1502 3599 1641 3648; x_wconf 86' lang='lat' dir='ltr'><strong>one’s</strong></span> <span class='ocrx_word' id='word_1_312' title='bbox 1678 3597 1818 3648; x_wconf 87' lang='lat' dir='ltr'><strong>claim</strong></span> <span class='ocrx_word' id='word_1_313' title='bbox 1839 3599 1878 3659; x_wconf 88' lang='lat'><strong>;&#39;</strong></span> <span class='ocrx_word' id='word_1_314' title='bbox 1904 3601 1970 3646; x_wconf 82' lang='lat' dir='ltr'><strong>ad</strong></span> <span class='ocrx_word' id='word_1_315' title='bbox 2001 3603 2239 3647; x_wconf 71' lang='lat' dir='ltr'><strong>centurias</strong></span> <span class='ocrx_word' id='word_1_316' title='bbox 2273 3601 2421 3664; x_wconf 66' lang='lat' dir='ltr'><strong>cons„</strong></span> <span class='ocrx_word' id='word_1_317' title='bbox 2457 3606 2539 3652; x_wconf 85' lang='lat' dir='ltr'><strong>‘to</strong></span> <span class='ocrx_word' id='word_1_318' title='bbox 2569 3610 2656 3666; x_wconf 82' lang='lat' dir='ltr'><strong>get</strong></span> 
     </span>
     <span class='ocr_line' id='line_1_32' title="bbox 260 3661 2651 3729; baseline -0 -13"><span class='ocrx_word' id='word_1_319' title='bbox 260 3668 361 3717; x_wconf 77' lang='lat' dir='ltr'><strong>and</strong></span> <span class='ocrx_word' id='word_1_320' title='bbox 391 3665 596 3729; x_wconf 64' lang='lat' dir='ltr'><strong>repam)</strong></span> <span class='ocrx_word' id='word_1_321' title='bbox 1502 3663 1590 3712; x_wconf 87' lang='lat' dir='ltr'><strong>the</strong></span> <span class='ocrx_word' id='word_1_322' title='bbox 1610 3668 1751 3713; x_wconf 79' lang='lat' dir='ltr'><strong>votes</strong></span> <span class='ocrx_word' id='word_1_323' title='bbox 1778 3661 1835 3712; x_wconf 83' lang='lat' dir='ltr'><strong>of</strong></span> <span class='ocrx_word' id='word_1_324' title='bbox 1864 3662 1950 3712; x_wconf 86' lang='lat' dir='ltr'><strong>the</strong></span> <span class='ocrx_word' id='word_1_325' title='bbox 1982 3664 2226 3714; x_wconf 74' lang='lat' dir='ltr'><strong>centurias</strong></span> <span class='ocrx_word' id='word_1_326' title='bbox 2243 3665 2284 3713; x_wconf 89' lang='lat'><strong>:’</strong></span> <span class='ocrx_word' id='word_1_327' title='bbox 2320 3666 2389 3715; x_wconf 82' lang='lat' dir='ltr'><strong>cf.</strong></span> <span class='ocrx_word' id='word_1_328' title='bbox 2416 3665 2554 3717; x_wconf 83' lang='lat' dir='ltr'><strong>Fam.</strong></span> <span class='ocrx_word' id='word_1_329' title='bbox 2581 3670 2651 3716; x_wconf 84' lang='lat' dir='ltr'><strong>xi.</strong></span> 
     </span>
    </p>

    <p class='ocr_par' dir='ltr' id='par_1_6' title="bbox 253 3727 2654 4050">
     <span class='ocr_line' id='line_1_33' title="bbox 323 3727 2654 3795; baseline 0 -14"><span class='ocrx_word' id='word_1_330' title='bbox 323 3730 583 3795; x_wconf 63' lang='lat' dir='ltr'><strong>witmau]</strong></span> <span class='ocrx_word' id='word_1_331' title='bbox 624 3728 1019 3792; x_wconf 82' lang='lat' dir='ltr'><strong>‘long-standing</strong></span> <span class='ocrx_word' id='word_1_332' title='bbox 1031 3727 1403 3792; x_wconf 83' lang='lat' dir='ltr'><strong>acquaintance·</strong></span> <span class='ocrx_word' id='word_1_333' title='bbox 1511 3731 1586 3787; x_wconf 83' lang='lat'><strong>16,</strong></span> <span class='ocrx_word' id='word_1_334' title='bbox 1630 3731 1676 3789; x_wconf 89' lang='grc'><strong>3,</strong></span> <span class='ocrx_word' id='word_1_335' title='bbox 1716 3727 1858 3777; x_wconf 74' lang='lat' dir='ltr'><strong>mitto</strong></span> <span class='ocrx_word' id='word_1_336' title='bbox 1893 3729 1955 3776; x_wconf 87' lang='lat' dir='ltr'><strong>ad</strong></span> <span class='ocrx_word' id='word_1_337' title='bbox 1992 3727 2187 3791; x_wconf 88' lang='lat' dir='ltr'><strong>Lupum</strong></span> <span class='ocrx_word' id='word_1_338' title='bbox 2225 3735 2283 3778; x_wconf 88' lang='lat' dir='ltr'><strong>ut</strong></span> <span class='ocrx_word' id='word_1_339' title='bbox 2320 3732 2364 3779; x_wconf 85' lang='lat' dir='ltr'><strong>is</strong></span> <span class='ocrx_word' id='word_1_340' title='bbox 2398 3731 2539 3781; x_wconf 78' lang='lat' dir='ltr'><strong>nobis</strong></span> <span class='ocrx_word' id='word_1_341' title='bbox 2570 3747 2654 3781; x_wconf 87' lang='lat' dir='ltr'><strong>eas</strong></span> 
     </span>
     <span class='ocr_line' id='line_1_34' title="bbox 256 3791 2019 3861; baseline -0.005 -14"><span class='ocrx_word' id='word_1_342' title='bbox 256 3796 401 3861; x_wconf 82' lang='lat' dir='ltr'><strong>ship’</strong></span> <span class='ocrx_word' id='word_1_343' title='bbox 431 3794 613 3861; x_wconf 70' lang='lat' dir='ltr'><strong>(which</strong></span> <span class='ocrx_word' id='word_1_344' title='bbox 645 3809 757 3857; x_wconf 87' lang='lat' dir='ltr'><strong>may</strong></span> <span class='ocrx_word' id='word_1_345' title='bbox 781 3793 919 3856; x_wconf 84' lang='lat' dir='ltr'><strong>ripen</strong></span> <span class='ocrx_word' id='word_1_346' title='bbox 941 3792 1047 3842; x_wconf 90' lang='lat' dir='ltr'><strong>into</strong></span> <span class='ocrx_word' id='word_1_347' title='bbox 1079 3793 1400 3857; x_wconf 78' lang='lat' dir='ltr'><strong>friendship):</strong></span> <span class='ocrx_word' id='word_1_348' title='bbox 1505 3791 1756 3842; x_wconf 82' lang='lat' dir='ltr'><strong>centurias</strong></span> <span class='ocrx_word' id='word_1_349' title='bbox 1788 3796 2019 3855; x_wconf 74' lang='lat' dir='ltr'><strong>conficiat.</strong></span> 
     </span>
     <span class='ocr_line' id='line_1_35' title="bbox 253 3857 2654 3924; baseline 0 -14"><span class='ocrx_word' id='word_1_350' title='bbox 253 3862 326 3913; x_wconf 81' lang='lat' dir='ltr'><strong>cf.</strong></span> <span class='ocrx_word' id='word_1_351' title='bbox 365 3876 538 3922; x_wconf 72' lang='lat' dir='ltr'><strong>maqna</strong></span> <span class='ocrx_word' id='word_1_352' title='bbox 572 3862 698 3908; x_wconf 74' lang='lat' dir='ltr'><strong>enim</strong></span> <span class='ocrx_word' id='word_1_353' title='bbox 728 3860 802 3907; x_wconf 71' lang='lat' dir='ltr'><strong>vis</strong></span> <span class='ocrx_word' id='word_1_354' title='bbox 832 3864 901 3906; x_wconf 72' lang='lat' dir='ltr'><strong>ont</strong></span> <span class='ocrx_word' id='word_1_355' title='bbox 935 3860 1191 3905; x_wconf 68' lang='lat' dir='ltr'><strong>vetustatis</strong></span> <span class='ocrx_word' id='word_1_356' title='bbox 1221 3864 1266 3905; x_wconf 80' lang='lat' dir='ltr'><strong>et</strong></span> <span class='ocrx_word' id='word_1_357' title='bbox 1299 3874 1404 3906; x_wconf 79' lang='lat' dir='ltr'><strong>con-</strong></span> <span class='ocrx_word' id='word_1_358' title='bbox 1577 3858 1673 3913; x_wconf 76' lang='lat' dir='ltr'><strong>Qui</strong></span> <span class='ocrx_word' id='word_1_359' title='bbox 1716 3857 1799 3905; x_wconf 72' lang='lat' dir='ltr'><strong>aba</strong></span> <span class='ocrx_word' id='word_1_360' title='bbox 1836 3864 1880 3905; x_wconf 76' lang='lat' dir='ltr'><strong>te</strong></span> <span class='ocrx_word' id='word_1_361' title='bbox 1919 3864 2005 3905; x_wconf 72' lang='lat' dir='ltr'><strong>aut</strong></span> <span class='ocrx_word' id='word_1_362' title='bbox 2047 3858 2249 3924; x_wconf 77' lang='lat' dir='ltr'><strong>tribum]</strong></span> <span class='ocrx_word' id='word_1_363' title='bbox 2330 3859 2504 3910; x_wconf 84' lang='lat' dir='ltr'><strong>‘those</strong></span> <span class='ocrx_word' id='word_1_364' title='bbox 2540 3861 2654 3911; x_wconf 80' lang='lat' dir='ltr'><strong>who</strong></span> 
     </span>
     <span class='ocr_line' id='line_1_36' title="bbox 256 3920 2649 3987; baseline 0 -12"><span class='ocrx_word' id='word_1_365' title='bbox 256 3928 543 3987; x_wconf 64' lang='lat' dir='ltr'><strong>caet-adistis,</strong></span> <span class='ocrx_word' id='word_1_366' title='bbox 591 3922 729 3973; x_wconf 85' lang='lat' dir='ltr'><strong>Lael.</strong></span> <span class='ocrx_word' id='word_1_367' title='bbox 777 3925 857 3971; x_wconf 84' lang='lat'><strong>68.</strong></span> <span class='ocrx_word' id='word_1_368' title='bbox 935 3922 1032 3972; x_wconf 81' lang='lat' dir='ltr'><strong>For</strong></span> <span class='ocrx_word' id='word_1_369' title='bbox 1075 3922 1176 3971; x_wconf 80' lang='lat' dir='ltr'><strong>this</strong></span> <span class='ocrx_word' id='word_1_370' title='bbox 1221 3937 1307 3969; x_wconf 85' lang='lat' dir='ltr'><strong>use</strong></span> <span class='ocrx_word' id='word_1_371' title='bbox 1349 3920 1406 3970; x_wconf 82' lang='lat' dir='ltr'><strong>of</strong></span> <span class='ocrx_word' id='word_1_372' title='bbox 1505 3921 1721 3984; x_wconf 81' lang='lat' dir='ltr'><strong>through</strong></span> <span class='ocrx_word' id='word_1_373' title='bbox 1764 3936 1890 3985; x_wconf 82' lang='lat' dir='ltr'><strong>your</strong></span> <span class='ocrx_word' id='word_1_374' title='bbox 1922 3920 2166 3972; x_wconf 86' lang='lat' dir='ltr'><strong>influence</strong></span> <span class='ocrx_word' id='word_1_375' title='bbox 2199 3922 2328 3973; x_wconf 82' lang='lat' dir='ltr'><strong>have</strong></span> <span class='ocrx_word' id='word_1_376' title='bbox 2362 3932 2448 3987; x_wconf 83' lang='lat' dir='ltr'><strong>got</strong></span> <span class='ocrx_word' id='word_1_377' title='bbox 2479 3941 2535 3974; x_wconf 84' lang='lat' dir='ltr'><strong>or</strong></span> <span class='ocrx_word' id='word_1_378' title='bbox 2565 3942 2649 3976; x_wconf 84' lang='lat' dir='ltr'><strong>ex-</strong></span> 
     </span>
     <span class='ocr_line' id='line_1_37' title="bbox 256 3985 2652 4050; baseline -0 -10"><span class='ocrx_word' id='word_1_379' title='bbox 256 3996 485 4050; x_wconf 62' lang='grc' dir='ltr'><strong>νεικείω,</strong></span> <span class='ocrx_word' id='word_1_380' title='bbox 512 4004 592 4040; x_wconf 77' lang='lat' dir='ltr'><strong>see</strong></span> <span class='ocrx_word' id='word_1_381' title='bbox 624 3988 762 4038; x_wconf 84' lang='lat' dir='ltr'><strong>Fam.</strong></span> <span class='ocrx_word' id='word_1_382' title='bbox 791 3985 900 4037; x_wconf 81' lang='lat' dir='ltr'><strong>xiii.</strong></span> <span class='ocrx_word' id='word_1_383' title='bbox 936 3989 1013 4050; x_wconf 84' lang='lat'><strong>32,</strong></span> <span class='ocrx_word' id='word_1_384' title='bbox 1047 3990 1108 4046; x_wconf 79' lang='lat'><strong>23</strong></span> <span class='ocrx_word' id='word_1_385' title='bbox 1145 4003 1196 4036; x_wconf 86' lang='lat' dir='ltr'><strong>x.</strong></span> <span class='ocrx_word' id='word_1_386' title='bbox 1234 3991 1310 4048; x_wconf 86' lang='lat'><strong>10,</strong></span> <span class='ocrx_word' id='word_1_387' title='bbox 1338 3989 1399 4047; x_wconf 73' lang='lat'><strong>25</strong></span> <span class='ocrx_word' id='word_1_388' title='bbox 1503 3993 1614 4049; x_wconf 85' lang='lat' dir='ltr'><strong>pect</strong></span> <span class='ocrx_word' id='word_1_389' title='bbox 1648 3987 1733 4036; x_wconf 79' lang='lat' dir='ltr'><strong>the</strong></span> <span class='ocrx_word' id='word_1_390' title='bbox 1771 3994 1908 4036; x_wconf 78' lang='lat' dir='ltr'><strong>votes</strong></span> <span class='ocrx_word' id='word_1_391' title='bbox 1942 3987 1998 4037; x_wconf 75' lang='lat' dir='ltr'><strong>of</strong></span> <span class='ocrx_word' id='word_1_392' title='bbox 2031 4002 2062 4037; x_wconf 84' lang='lat' dir='ltr'><strong>a</strong></span> <span class='ocrx_word' id='word_1_393' title='bbox 2095 3987 2221 4038; x_wconf 76' lang='lat' dir='ltr'><strong>tribe</strong></span> <span class='ocrx_word' id='word_1_394' title='bbox 2254 3987 2309 4037; x_wconf 89' lang='lat' dir='ltr'><strong>in</strong></span> <span class='ocrx_word' id='word_1_395' title='bbox 2342 3989 2428 4039; x_wconf 84' lang='lat' dir='ltr'><strong>the</strong></span> <span class='ocrx_word' id='word_1_396' title='bbox 2458 3992 2652 4039; x_wconf 75' lang='lat' dir='ltr'><strong>comitia</strong></span> 
     </span>
    </p>
   </div>
   <div class='ocr_carea' id='block_1_4' title="bbox 260 4052 2650 4377">
    <p class='ocr_par' dir='ltr' id='par_1_7' title="bbox 262 4052 2650 4314">
     <span class='ocr_line' id='line_1_38' title="bbox 262 4052 2647 4117; baseline -0 -12"><span class='ocrx_word' id='word_1_397' title='bbox 262 4056 333 4106; x_wconf 83' lang='lat' dir='ltr'><strong>xi.</strong></span> <span class='ocrx_word' id='word_1_398' title='bbox 366 4058 443 4117; x_wconf 87' lang='grc'><strong>16,</strong></span> <span class='ocrx_word' id='word_1_399' title='bbox 470 4057 518 4104; x_wconf 86' lang='grc'><strong>2.</strong></span> <span class='ocrx_word' id='word_1_400' title='bbox 1503 4052 1705 4112; x_wconf 72' lang='lat' dir='ltr'><strong>tributa,</strong></span> <span class='ocrx_word' id='word_1_401' title='bbox 1741 4067 1797 4101; x_wconf 85' lang='lat' dir='ltr'><strong>or</strong></span> <span class='ocrx_word' id='word_1_402' title='bbox 1839 4068 1870 4101; x_wconf 85' lang='lat' dir='ltr'><strong>a</strong></span> <span class='ocrx_word' id='word_1_403' title='bbox 1915 4060 2124 4117; x_wconf 84' lang='lat' dir='ltr'><strong>century</strong></span> <span class='ocrx_word' id='word_1_404' title='bbox 2164 4052 2219 4102; x_wconf 89' lang='lat' dir='ltr'><strong>in</strong></span> <span class='ocrx_word' id='word_1_405' title='bbox 2255 4053 2343 4103; x_wconf 86' lang='lat' dir='ltr'><strong>the</strong></span> <span class='ocrx_word' id='word_1_406' title='bbox 2384 4069 2494 4103; x_wconf 73' lang='lat' dir='ltr'><strong>oom-</strong></span> <span class='ocrx_word' id='word_1_407' title='bbox 2539 4071 2647 4105; x_wconf 77' lang='lat' dir='ltr'><strong>oen-</strong></span> 
     </span>
     <span class='ocr_line' id='line_1_39' title="bbox 326 4115 2650 4184; baseline 0 -15"><span class='ocrx_word' id='word_1_408' title='bbox 326 4122 477 4169; x_wconf 65' lang='lat' dir='ltr'><strong>lasiuo</strong></span> <span class='ocrx_word' id='word_1_409' title='bbox 491 4117 655 4184; x_wconf 75' lang='lat' dir='ltr'><strong>patet]</strong></span> <span class='ocrx_word' id='word_1_410' title='bbox 727 4116 846 4167; x_wconf 79' lang='lat' dir='ltr'><strong>‘has</strong></span> <span class='ocrx_word' id='word_1_411' title='bbox 865 4132 897 4165; x_wconf 76' lang='lat' dir='ltr'><strong>a</strong></span> <span class='ocrx_word' id='word_1_412' title='bbox 918 4115 1071 4167; x_wconf 69' lang='lat' dir='ltr'><strong>wider</strong></span> <span class='ocrx_word' id='word_1_413' title='bbox 1090 4117 1240 4167; x_wconf 63' lang='lat' dir='ltr'><strong>area!</strong></span> <span class='ocrx_word' id='word_1_414' title='bbox 1503 4118 1707 4179; x_wconf 70' lang='lat' dir='ltr'><strong>tun-iata,</strong></span> <span class='ocrx_word' id='word_1_415' title='bbox 1736 4130 1791 4166; x_wconf 88' lang='lat' dir='ltr'><strong>or</strong></span> <span class='ocrx_word' id='word_1_416' title='bbox 1822 4132 1923 4181; x_wconf 83' lang='lat' dir='ltr'><strong>any</strong></span> <span class='ocrx_word' id='word_1_417' title='bbox 1952 4117 2095 4167; x_wconf 82' lang='lat' dir='ltr'><strong>other</strong></span> <span class='ocrx_word' id='word_1_418' title='bbox 2120 4116 2333 4167; x_wconf 70' lang='lat' dir='ltr'><strong>favour-,⁹</strong></span> <span class='ocrx_word' id='word_1_419' title='bbox 2402 4118 2491 4182; x_wconf 85' lang='lat' dir='ltr'><strong>Cp.</strong></span> <span class='ocrx_word' id='word_1_420' title='bbox 2509 4120 2650 4183; x_wconf 76' lang='lat' dir='ltr'><strong>ferro</strong></span> 
     </span>
     <span class='ocr_line' id='line_1_40' title="bbox 326 4181 2646 4249; baseline 0 -15"><span class='ocrx_word' id='word_1_421' title='bbox 326 4182 549 4249; x_wconf 71' lang='lat' dir='ltr'><strong>iustiore]</strong></span> <span class='ocrx_word' id='word_1_422' title='bbox 623 4181 883 4247; x_wconf 58' lang='lat' dir='ltr'><strong>‘regulam&#39;</strong></span> <span class='ocrx_word' id='word_1_423' title='bbox 1503 4183 1685 4231; x_wconf 72' lang='lat' dir='ltr'><strong>tribum</strong></span> <span class='ocrx_word' id='word_1_424' title='bbox 1718 4202 1760 4223; x_wconf 70' lang='grc' dir='ltr'><strong>ει</strong></span> <span class='ocrx_word' id='word_1_425' title='bbox 1800 4186 1883 4231; x_wconf 81' lang='lat' dir='ltr'><strong>‘to</strong></span> <span class='ocrx_word' id='word_1_426' title='bbox 1920 4188 2005 4245; x_wconf 84' lang='lat' dir='ltr'><strong>get</strong></span> <span class='ocrx_word' id='word_1_427' title='bbox 2036 4182 2123 4232; x_wconf 90' lang='lat' dir='ltr'><strong>the</strong></span> <span class='ocrx_word' id='word_1_428' title='bbox 2162 4187 2299 4232; x_wconf 79' lang='lat' dir='ltr'><strong>votes</strong></span> <span class='ocrx_word' id='word_1_429' title='bbox 2333 4182 2389 4232; x_wconf 80' lang='lat' dir='ltr'><strong>of</strong></span> <span class='ocrx_word' id='word_1_430' title='bbox 2420 4199 2451 4232; x_wconf 83' lang='lat' dir='ltr'><strong>a</strong></span> <span class='ocrx_word' id='word_1_431' title='bbox 2482 4184 2646 4235; x_wconf 63' lang='lat' dir='ltr'><strong>tribe!</strong></span> 
     </span>
     <span class='ocr_line' id='line_1_41' title="bbox 324 4244 2650 4314; baseline 0 -16"><span class='ocrx_word' id='word_1_432' title='bbox 324 4247 623 4314; x_wconf 62' lang='lat' dir='ltr'><strong>mutatis]</strong></span> <span class='ocrx_word' id='word_1_433' title='bbox 694 4245 903 4305; x_wconf 82' lang='lat' dir='ltr'><strong>‘club;&#39;</strong></span> <span class='ocrx_word' id='word_1_434' title='bbox 938 4245 1130 4310; x_wconf 78' lang='lat' dir='ltr'><strong>though</strong></span> <span class='ocrx_word' id='word_1_435' title='bbox 1160 4245 1213 4295; x_wconf 87' lang='lat' dir='ltr'><strong>in</strong></span> <span class='ocrx_word' id='word_1_436' title='bbox 1245 4244 1406 4296; x_wconf 84' lang='lat' dir='ltr'><strong>strict-</strong></span> <span class='ocrx_word' id='word_1_437' title='bbox 1506 4247 1698 4296; x_wconf 74' lang='lat' dir='ltr'><strong>Habere</strong></span> <span class='ocrx_word' id='word_1_438' title='bbox 1734 4246 1911 4295; x_wconf 71' lang='lat' dir='ltr'><strong>tribum</strong></span> <span class='ocrx_word' id='word_1_439' title='bbox 1944 4246 2035 4295; x_wconf 77' lang='lat' dir='ltr'><strong>has</strong></span> <span class='ocrx_word' id='word_1_440' title='bbox 2075 4262 2107 4295; x_wconf 85' lang='lat' dir='ltr'><strong>a</strong></span> <span class='ocrx_word' id='word_1_441' title='bbox 2149 4246 2377 4296; x_wconf 75' lang='lat' dir='ltr'><strong>different</strong></span> <span class='ocrx_word' id='word_1_442' title='bbox 2418 4263 2558 4298; x_wconf 79' lang='lat' dir='ltr'><strong>sense</strong></span> <span class='ocrx_word' id='word_1_443' title='bbox 2594 4249 2650 4300; x_wconf 90' lang='lat' dir='ltr'><strong>in</strong></span> 
     </span>
    </p>

    <p class='ocr_par' dir='ltr' id='par_1_8' title="bbox 260 4310 2648 4377">
     <span class='ocr_line' id='line_1_42' title="bbox 260 4310 2648 4377; baseline -0.001 -14"><span class='ocrx_word' id='word_1_444' title='bbox 260 4330 374 4363; x_wconf 79' lang='lat' dir='ltr'><strong>nese</strong></span> <span class='ocrx_word' id='word_1_445' title='bbox 400 4313 664 4376; x_wconf 75' lang='lat' dir='ltr'><strong>‘chapter,’</strong></span> <span class='ocrx_word' id='word_1_446' title='bbox 689 4329 743 4363; x_wconf 84' lang='lat' dir='ltr'><strong>as</strong></span> <span class='ocrx_word' id='word_1_447' title='bbox 763 4310 1037 4375; x_wconf 82' lang='lat' dir='ltr'><strong>ostensibly</strong></span> <span class='ocrx_word' id='word_1_448' title='bbox 1057 4310 1305 4375; x_wconf 76' lang='lat' dir='ltr'><strong>religione.</strong></span> <span class='ocrx_word' id='word_1_449' title='bbox 1504 4312 1611 4361; x_wconf 79' lang='lat' dir='ltr'><strong>Att.</strong></span> <span class='ocrx_word' id='word_1_450' title='bbox 1638 4310 1708 4361; x_wconf 83' lang='lat' dir='ltr'><strong>iv.</strong></span> <span class='ocrx_word' id='word_1_451' title='bbox 1737 4313 1812 4372; x_wconf 84' lang='grc'><strong>16,</strong></span> <span class='ocrx_word' id='word_1_452' title='bbox 1840 4314 1888 4371; x_wconf 88' lang='grc'><strong>9,</strong></span> <span class='ocrx_word' id='word_1_453' title='bbox 1923 4310 2087 4361; x_wconf 79' lang='lat' dir='ltr'><strong>where</strong></span> <span class='ocrx_word' id='word_1_454' title='bbox 2119 4311 2274 4359; x_wconf 69' lang='lat' dir='ltr'><strong>tribue</strong></span> <span class='ocrx_word' id='word_1_455' title='bbox 2304 4311 2443 4361; x_wconf 72' lang='lat' dir='ltr'><strong>habet</strong></span> <span class='ocrx_word' id='word_1_456' title='bbox 2475 4314 2648 4377; x_wconf 74' lang='lat' dir='ltr'><strong>Pomp-</strong></span> 
     </span>
    </p>
   </div>
   <div class='ocr_carea' id='block_1_5' title="bbox 260 4374 2652 4637">
    <p class='ocr_par' dir='ltr' id='par_1_9' title="bbox 260 4374 2652 4637">
     <span class='ocr_line' id='line_1_43' title="bbox 330 4374 2649 4443; baseline 0.001 -15"><span class='ocrx_word' id='word_1_457' title='bbox 330 4380 405 4430; x_wconf 82' lang='lat'><strong>17.</strong></span> <span class='ocrx_word' id='word_1_458' title='bbox 441 4395 554 4428; x_wconf 72' lang='lat' dir='ltr'><strong>m</strong></span> <span class='ocrx_word' id='word_1_459' title='bbox 579 4376 714 4443; x_wconf 76' lang='lat' dir='ltr'><strong>sero]</strong></span> <span class='ocrx_word' id='word_1_460' title='bbox 797 4376 909 4427; x_wconf 77' lang='lat' dir='ltr'><strong>‘for</strong></span> <span class='ocrx_word' id='word_1_461' title='bbox 944 4376 1056 4426; x_wconf 81' lang='lat' dir='ltr'><strong>that</strong></span> <span class='ocrx_word' id='word_1_462' title='bbox 1085 4382 1249 4438; x_wconf 86' lang='lat' dir='ltr'><strong>report</strong></span> <span class='ocrx_word' id='word_1_463' title='bbox 1290 4374 1346 4425; x_wconf 76' lang='lat' dir='ltr'><strong>of</strong></span> <span class='ocrx_word' id='word_1_464' title='bbox 1374 4390 1405 4425; x_wconf 84' lang='lat' dir='ltr'><strong>a</strong></span> <span class='ocrx_word' id='word_1_465' title='bbox 1507 4379 1700 4438; x_wconf 73' lang='lat' dir='ltr'><strong>tiniam,</strong></span> <span class='ocrx_word' id='word_1_466' title='bbox 1719 4375 1829 4435; x_wconf 58' lang='lat' dir='ltr'><strong>ko„</strong></span> <span class='ocrx_word' id='word_1_467' title='bbox 1850 4391 2018 4425; x_wconf 72' lang='lat' dir='ltr'><strong>means</strong></span> <span class='ocrx_word' id='word_1_468' title='bbox 2040 4374 2156 4425; x_wconf 86' lang='lat' dir='ltr'><strong>‘the</strong></span> <span class='ocrx_word' id='word_1_469' title='bbox 2171 4374 2323 4426; x_wconf 85' lang='lat' dir='ltr'><strong>tribes</strong></span> <span class='ocrx_word' id='word_1_470' title='bbox 2337 4375 2467 4426; x_wconf 75' lang='lat' dir='ltr'><strong>from</strong></span> <span class='ocrx_word' id='word_1_471' title='bbox 2483 4377 2649 4430; x_wconf 75' lang='lat' dir='ltr'><strong>which</strong></span> 
     </span>
     <span class='ocr_line' id='line_1_44' title="bbox 263 4439 2652 4506; baseline 0 -13"><span class='ocrx_word' id='word_1_472' title='bbox 263 4441 809 4501; x_wconf 72' lang='lat' dir='ltr'><strong>mn,whichisthe</strong></span> <span class='ocrx_word' id='word_1_473' title='bbox 850 4439 1404 4503; x_wconf 74' lang='lat' dir='ltr'><strong>basisofhispublic</strong></span> <span class='ocrx_word' id='word_1_474' title='bbox 1503 4439 2652 4506; x_wconf 71' lang='lat' dir='ltr'><strong>thejuryamtobeohoeentotryhiscue</strong></span> 
     </span>
     <span class='ocr_line' id='line_1_45' title="bbox 260 4503 1734 4571; baseline -0.002 -14"><span class='ocrx_word' id='word_1_475' title='bbox 260 4509 530 4571; x_wconf 71' lang='lat' dir='ltr'><strong>character,</strong></span> <span class='ocrx_word' id='word_1_476' title='bbox 569 4507 660 4558; x_wconf 81' lang='lat' dir='ltr'><strong>has</strong></span> <span class='ocrx_word' id='word_1_477' title='bbox 697 4505 762 4556; x_wconf 85' lang='lat' dir='ltr'><strong>its</strong></span> <span class='ocrx_word' id='word_1_478' title='bbox 795 4506 954 4571; x_wconf 82' lang='lat' dir='ltr'><strong>origin</strong></span> <span class='ocrx_word' id='word_1_479' title='bbox 998 4505 1052 4556; x_wconf 91' lang='lat' dir='ltr'><strong>in</strong></span> <span class='ocrx_word' id='word_1_480' title='bbox 1095 4505 1172 4556; x_wconf 84' lang='lat' dir='ltr'><strong>his</strong></span> <span class='ocrx_word' id='word_1_481' title='bbox 1213 4503 1402 4569; x_wconf 75' lang='lat' dir='ltr'><strong>private</strong></span> <span class='ocrx_word' id='word_1_482' title='bbox 1500 4505 1619 4563; x_wconf 52' lang='grc' dir='ltr'><strong><em>ποῖ</em></strong></span> <span class='ocrx_word' id='word_1_483' title='bbox 1646 4506 1734 4555; x_wconf 75' lang='lat' dir='ltr'><strong>&amp;c-</strong></span> 
     </span>
     <span class='ocr_line' id='line_1_46' title="bbox 260 4567 2649 4637; baseline 0.002 -19"><span class='ocrx_word' id='word_1_484' title='bbox 260 4572 440 4624; x_wconf 52' lang='grc' dir='ltr'><strong>εἰκὼ)</strong></span> <span class='ocrx_word' id='word_1_485' title='bbox 1564 4568 1732 4635; x_wconf 76' lang='lat' dir='ltr'><strong>opera]</strong></span> <span class='ocrx_word' id='word_1_486' title='bbox 1813 4567 1893 4619; x_wconf 81' lang='lat' dir='ltr'><strong>cf.</strong></span> <span class='ocrx_word' id='word_1_487' title='bbox 1936 4569 2043 4620; x_wconf 75' lang='lat' dir='ltr'><strong>Att.</strong></span> <span class='ocrx_word' id='word_1_488' title='bbox 2083 4568 2186 4621; x_wconf 82' lang='lat' dir='ltr'><strong>xiv.</strong></span> <span class='ocrx_word' id='word_1_489' title='bbox 2226 4574 2300 4633; x_wconf 76' lang='lat'><strong>14,</strong></span> <span class='ocrx_word' id='word_1_490' title='bbox 2325 4574 2372 4635; x_wconf 83' lang='lat'><strong>6,</strong></span> <span class='ocrx_word' id='word_1_491' title='bbox 2406 4576 2535 4623; x_wconf 76' lang='lat' dir='ltr'><strong>omni</strong></span> <span class='ocrx_word' id='word_1_492' title='bbox 2566 4590 2649 4637; x_wconf 74' lang='lat' dir='ltr'><strong>opo</strong></span> 
     </span>
    </p>
   </div>
   <div class='ocr_carea' id='block_1_6' title="bbox 1433 4672 1485 4717">
    <p class='ocr_par' dir='ltr' id='par_1_10' title="bbox 1433 4672 1485 4717">
     <span class='ocr_line' id='line_1_47' title="bbox 1433 4672 1485 4717; baseline 0 0"><span class='ocrx_word' id='word_1_493' title='bbox 1433 4672 1485 4717; x_wconf 78' lang='lat' dir='ltr'><strong>M</strong></span> 
     </span>
    </p>
   </div>
  </div>
 </body>
</html>
