3229 5145
903 493 1051 560 ΕΡ.
1100 494 1274 560 XII.
1328 495 1487 581 (DE
1525 495 1731 562 PET.
1786 493 2075 580 CONS.)
2567 494 2691 559 155

294 665 583 746 mettius,
611 667 959 748 recordare,
989 667 1223 734 deinde
1251 672 1380 733 vido
1407 672 1483 733 ιιι
1512 667 1862 735 amicorum
1890 671 1957 735 et
1984 667 2335 735 multitudo
2364 669 2430 734 et
2457 689 2695 752 genera

297 775 673 855 appareant.
740 770 969 837 Habes
992 771 1165 836 enim
1189 794 1285 852 ea,
1304 793 1468 858 quae
1490 794 1610 836 non
1634 776 1816 837 multi
1834 775 2099 837 homines
2118 772 2271 838 novi
2290 769 2693 837 habuerunt:

297 894 518 938 omnes
553 872 949 959 publicanos,
992 877 1203 940 totum
1237 874 1372 940 fere
1425 879 1779 961 equestrem
1822 876 2132 950 ordinem,
2179 875 2389 941 multa
2438 874 2697 961 propria

297 975 674 1062 municipia,
715 977 954 1043 multos
983 975 1099 1043 abs
1135 981 1203 1044 te
1245 977 1559 1059 defensos,
1603 977 1896 1045 homines
1938 979 2242 1064 cuiusque
2285 977 2544 1057 ordinis,
2576 977 2694 1042 ali-

298 1083 459 1163 quot
501 1079 792 1167 collegia,
833 1085 1166 1167 praeterea
1207 1081 1423 1147 studio
1467 1081 1727 1148 dicendi
1769 1082 2138 1148 conciliatos
2182 1080 2494 1168 plurimos
2541 1080 2694 1146 ado·

299 1180 700 1263 lescentulos,
759 1183 1146 1250 cotidianam
1206 1184 1558 1250 amicorum
1616 1184 2072 1251 adsiduitatem
2128 1188 2194 1250 et
2245 1183 2693 1269 fflquentiam.

300 1287 364 1350 4.
412 1283 602 1351 Haec
643 1308 795 1352 cura
831 1291 907 1352 ιιι
934 1291 1154 1352 teneas
1197 1289 1659 1355 commonendo
1704 1293 1770 1354 et
1805 1289 2095 1375 rogando
2138 1291 2204 1352 et
2246 1286 2423 1352 omni
2449 1286 2699 1352 ratione

301 1388 653 1470 efficiendO,
683 1394 760 1456 ιιι
785 1389 1192 1476 intellegant,
1234 1391 1348 1476 qui
1375 1390 1613 1458 debent
1640 1396 1758 1457 tua
1785 1413 1993 1471 causa,
2029 1390 2400 1456 referendae
2428 1390 2698 1476 gratiae,

301 1491 419 1577 qui
445 1492 691 1572 volunt,
736 1492 1069 1579 obligandi
1112 1493 1213 1560 tui
1245 1498 1502 1580 tempus
1549 1493 1673 1561 sibi
1713 1494 1893 1561 aliud
1937 1495 2195 1560 nullum
2233 1493 2388 1558 sore.
2477 1491 2703 1558 Etiam

300 1594 424 1660 hoc
467 1595 747 1662 multum
789 1595 1045 1662 videtur
1084 1596 1390 1664 adiuvare
1434 1620 1620 1684 posse
1664 1621 1908 1665 novum
1951 1598 2321 1665 hominem:
2365 1594 2703 1662 hominum

300 1695 619 1764 nobilium
655 1699 953 1765 voluntas
999 1703 1064 1766 et
1109 1700 1391 1766 maxime
1435 1702 1891 1768 consularium.
1979 1701 2270 1777 Prodest,
2315 1720 2589 1784 quorum
2630 1699 2701 1764 in

300 1797 516 1867 locum
543 1824 616 1868 ac
643 1824 984 1868 numerum
1012 1803 1345 1890 pervenire
1376 1804 1555 1886 velis,
1598 1804 1682 1871 ab
1710 1805 1793 1871 iis
1820 1804 1978 1892 ipsis
2006 1804 2121 1870 illo
2154 1803 2294 1868 loco
2329 1824 2403 1867 ac
2437 1824 2704 1868 numero

302 1904 578 1991 dignum
620 1905 856 1991 putari.
946 1908 1007 1971 5.
1055 1905 1157 1971 Hi
1193 1908 1471 1995 rogandi
1517 1930 1737 1975 omnes
1780 1913 1932 1975 sunt
1976 1907 2323 1995 diligenter
2365 1910 2431 1972 et
2474 1906 2559 1971 ad
2597 1928 2705 1972 eos

303 2007 740 2094 adlegandum
767 2012 865 2074 est
891 2010 1536 2097 persuadendumque
1562 2012 1644 2078 iis
1680 2034 1798 2078 nos
1836 2033 2083 2097 semper
2112 2032 2259 2076 cum
2287 2007 2705 2096 optimatibus

304 2111 388 2176 de
429 2133 500 2177 re
537 2110 796 2197 publica
837 2111 1123 2193 sensisse,
1183 2113 1455 2180 minime
1506 2116 1849 2202 populares
1892 2115 2131 2181 fuisse:
2199 2114 2255 2180 si
2306 2114 2465 2200 quid
2505 2113 2705 2179 locuti

303 2214 700 2300 populariter
725 2214 1079 2296 videamur,
1123 2215 1195 2281 id
1221 2238 1340 2283 nos
1369 2239 1443 2284 eo
1474 2218 1738 2285 consilio
1768 2218 2009 2298 fecisse,
2038 2221 2114 2283 ut
2142 2214 2327 2283 nobis
2357 2215 2478 2281 On.
2509 2215 2704 2281 Pom-

305 2318 527 2404 peium
554 2318 1068 2404 adiungeremus,
1096 2324 1174 2385 ιιι
1202 2342 1371 2401 eum,
1401 2321 1517 2407 qui
1544 2321 1897 2408 plurimum
1926 2323 2156 2408 posset,
2187 2324 2301 2386 aut
2329 2318 2606 2385 amicum
2634 2318 2707 2383 in

306 2425 528 2488 nostra
567 2422 878 2508 petitione
915 2421 1294 2489 haberemus
1333 2429 1447 2490 aut
1480 2429 1649 2491 certe
1686 2447 1820 2491 non
1854 2424 2309 2491 adversarium.
2402 2423 2464 2486 6.
2509 2421 2705 2487 Prae-

308 2528 486 2591 terea
514 2525 943 2594 adolescentes
969 2525 1218 2593 nobiles
1246 2526 1502 2596 elabora
1531 2533 1607 2596 ut
1635 2527 1890 2605 habeas,
1910 2527 2015 2594 vel
2041 2531 2117 2593 ut
2144 2530 2364 2594 teneas
2392 2525 2708 2592 studiosos

308 2650 470 2714 quos
501 2628 737 2697 habes:
773 2631 1055 2697 multum
1084 2631 1423 2718 dignitatis
1453 2634 1764 2699 adferent.
1839 2631 2164 2697 Plurimos
2192 2628 2427 2695 habes:
2474 2629 2706 2715 perfice

307 2736 387 2798 ιιι
423 2732 627 2799 sciant
653 2739 970 2820 quantum
997 2735 1068 2800 in
1101 2734 1182 2800 iis
1219 2740 1406 2822 putes
1444 2759 1597 2802 esse.
1687 2734 1761 2802 Si
1804 2734 2168 2814 adduxeris,
2206 2737 2283 2798 ιιι
2320 2732 2390 2813 ii,
2425 2733 2541 2818 qui
2573 2754 2706 2798 non

308 2835 561 2916 nolunt,
592 2838 873 2924 cupiant,
903 2838 1253 2925 plurimum
1281 2840 1653 2925 proderunt.

399 2938 499 3005 ΙΙ.
546 2942 609 3005 7.
654 2941 756 3007 Ac
804 2942 1085 3008 multum
1131 2943 1331 3008 etiam
1376 2944 1734 3009 novitatem
1784 2945 1966 3008 tuam
2016 2941 2301 3020 adiuvat,
2348 2939 2522 3025 quod
2571 2938 2710 3006 eius

310 3043 489 3108 modi
532 3042 777 3110 nobiles
825 3049 1036 3111 tecum
1082 3050 1333 3132 petunt,
1385 3051 1462 3112 ιιι
1517 3069 1707 3113 nemo
1751 3047 1834 3112 sit
1879 3045 1993 3131 qui
2039 3045 2274 3110 audeat
2312 3043 2520 3109 dicere
2563 3043 2710 3130 plus

313 3146 444 3211 ..llis
487 3145 893 3213 nobilitatem
944 3171 1138 3234 quam
1182 3149 1305 3215 tibi
1349 3149 1658 3215 virtutem
1696 3148 1992 3236 prodesse
2038 3152 2348 3234 oportere.
2439 3146 2586 3212 Iam
2628 3145 2708 3211 P.

314 3247 593 3316 Galbam
621 3254 687 3316 et
715 3249 797 3315 L.
823 3250 1117 3318 Cassium
1145 3274 1395 3318 summo
1423 3253 1561 3319 loco
1590 3257 1778 3319 natos
1806 3253 1951 3338 quis
1978 3255 2075 3317 est
2102 3252 2217 3337 qui
2243 3253 2460 3338 petere
2487 3272 2711 3317 consu-

313 3483 421 3517 eum
467 3467 588 3519 Bno
630 3471 783 3519 diem
838 3473 1071 3533 nequiret,
1131 3472 1467 3522 exercitatione

305 3534 478 3595 fecisse
509 3540 565 3582 ut
590 3536 874 3595 planissime
905 3538 1095 3585 diceret.

379 3614 473 3647 non
519 3600 661 3647 multi
708 3598 940 3666 homines]
1027 3602 1072 3650 is
1120 3617 1178 3650 su
1237 3600 1466 3716 geisedAdhy

1633 3473 1681 3525 7.
1717 3474 1826 3536 quie
1842 3478 2002 3534 petere
2023 3486 2149 3521 cone.
2163 3468 2326 3536 putet]
2399 3469 2542 3521 ‘who
2567 3470 2714 3521 could

1564 3537 1681 3588 look
1705 3554 1770 3587 on
1792 3537 1928 3588 them
1961 3552 2015 3587 as
2048 3536 2332 3585 candidates
2362 3534 2444 3585 for
2473 3535 2559 3585 the
2591 3551 2711 3585 con-

1565 3603 1727 3652 sulate
1745 3603 1791 3651 θ’
1863 3601 2104 3667 Kayser’s
2147 3607 2358 3662 oportere
2393 3599 2525 3649 after
2551 3607 2713 3661 petere

1564 3666 1609 3717 is
1647 3672 1737 3717 not
1768 3667 2010 3732 required.
2097 3665 2373 3727 Moreover,
2407 3665 2450 3714 it
2482 3664 2714 3714 weakens

1565 3732 1654 3782 the
1687 3730 1987 3794 expression,
2025 3730 2193 3780 which
2228 3731 2272 3779 is
2298 3729 2532 3779 intended
2565 3736 2619 3779 to
2648 3730 2713 3779 be

316 3661 491 3778 gna-iter
522 3663 656 3713 from
693 3663 834 3714 Fam.
873 3681 926 3715 v.
969 3667 1045 3727 18,
1091 3670 1136 3715 1.

375 3791 609 3858 propria]
687 3790 756 3843 cf.
796 3792 819 3858 ξ
856 3795 935 3852 35,
977 3794 1239 3846 ‘attached
1276 3800 1330 3845 to
1364 3810 1466 3860 you

315 3857 635 3922 personally.’
702 3857 809 3907 The
830 3859 1114 3923 conjecture
1141 3867 1390 3922 praeterea
1422 3860 1467 3910 is

315 3937 664 3986 unnecessary.

382 3990 432 4035 4.
467 3994 522 4035 nt
555 3987 858 4054 intelleqant]
934 3987 1074 4038 ‘that
1108 3989 1150 4039 it
1182 3989 1246 4039 be
1282 3989 1468 4054 clearly

317 4050 577 4116 perceived
608 4052 676 4115 by
709 4052 849 4102 thom
882 4052 996 4104 who
1028 4069 1134 4104 owe
1204 4070 1269 4103 ou
1298 4070 1329 4104 a
1361 4071 1463 4104 ser-

318 4115 448 4177 vice,
483 4115 593 4165 that
612 4116 715 4166 this
734 4116 778 4167 is
803 4117 890 4167 the
911 4119 1048 4177 time,
1086 4135 1151 4169 an
1211 4134 1277 4169 no
1306 4120 1462 4181 other,

319 4179 610 4255 for‘paying
631 4181 760 4231 their
781 4183 926 4232 debt:
965 4185 1063 4233 and
1086 4185 1154 4248 by
1181 4184 1320 4234 those
1354 4184 1468 4235 who

321 4246 480 4295 dem-0
501 4254 556 4295 to
584 4248 647 4296 do
668 4261 768 4311 you
796 4263 827 4297 a
855 4248 1042 4298 service
1061 4248 1174 4298 that
1194 4248 1296 4298 this
1317 4249 1360 4299 is
1382 4249 1468 4299 the

320 4309 461 4369 time,
495 4312 592 4360 and
613 4326 679 4361 no
700 4312 857 4373 other,
893 4312 974 4363 for
995 4313 1168 4379 laying
1189 4329 1290 4379 you
1312 4316 1468 4365 under

321 4389 390 4424 an
411 4374 717 4439 obligation.'

382 4441 434 4515 β.
468 4439 804 4507 adleyandum]
872 4444 1088 4505 adleyare
1120 4442 1165 4493 is
1194 4445 1316 4495 used
1348 4444 1405 4495 of
1435 4460 1466 4495 a

317 4512 512 4570 private
533 4512 696 4568 agent,
722 4509 876 4569 leqare
897 4508 952 4557 cf
972 4523 1003 4558 a
1023 4508 1206 4571 public.

375 4568 658 4635 poputum]
710 4574 723 4599 ⁴
742 4572 1105 4637 demagcgues!

1564 3812 1689 3861 very
1709 3796 2002 3845 vehement:
2039 3795 2107 3846 cf.
2142 3810 2212 3844 or.
2250 3795 2305 3844 in
2337 3802 2440 3858 tog.
2475 3795 2637 3852 caud„
2669 3801 2714 3842 te

1565 3878 1691 3923 vero,
1714 3863 1946 3917 Catilina,
1961 3863 2254 3909 consulatum
2273 3875 2464 3921 sperare
2485 3865 2571 3907 aut
2592 3861 2714 3920 συρί-

1569 3933 1672 3974 tare
1706 3941 1798 3974 non
1830 3927 2107 3988 prodiqium
2136 3931 2280 3987 atque
2302 3929 2576 3985 portentum
2604 3929 2673 3971 eet
2692 3925 2719 3971 12

1568 3990 1729 4040 Galba
1776 4006 1931 4040 seems
1975 3995 2029 4040 to
2068 3989 2194 4039 have
2224 3989 2348 4038 been
2387 4004 2509 4052 very
2541 3987 2716 4051 poorly

1567 4056 1852 4119 supported.
1891 4055 1983 4104 See
2005 4055 2109 4103 Att.
2137 4053 2172 4102 i.
2205 4057 2249 4115 1,
2282 4057 2326 4113 1,
2343 4054 2440 4101 and
2456 4068 2550 4113 pro
2572 4054 2709 4100 Mur.

1572 4122 1649 4179 17,
1682 4122 1805 4169 milui
1837 4122 2007 4169 accidit
2041 4126 2095 4167 ut
2129 4134 2233 4167 ewm
2265 4118 2443 4166 duobus
2466 4119 2712 4178 patriciis,

1566 4187 1720 4234 altero
1784 4186 2131 4247 improbiuimo
2185 4189 2328 4244 atque
2385 4183 2716 4243 audacissimo,

1566 4252 1718 4299 altero
1762 4251 2133 4300 moderatissimo
2182 4254 2323 4310 atque
2372 4248 2548 4308 optimo
2590 4248 2710 4305 viro,

1560 4322 1789 4377 peterem.
1846 4317 2078 4375 Superavi
2102 4320 2257 4361 tamen
2281 4312 2518 4373 diqnitate
2543 4312 2714 4359 Catili-

1566 4397 1696 4441 nam,
1718 4383 1885 4442 qratia
1914 4379 2130 4428 Galbam.
2177 4376 2235 4426 L.
2264 4376 2463 4425 Cassius
2484 4392 2641 4425 seems
2662 4381 2717 4424 to

1563 4444 1693 4494 have
1722 4446 1847 4494 been
1877 4459 1971 4493 one
2005 4442 2061 4491 cf
2097 4442 2184 4491 the
2214 4446 2344 4490 most
2374 4443 2629 4504 desperate
2660 4440 2718 4490 of

1564 4509 1651 4558 the
1673 4509 1998 4573 conspirators
2015 4507 2139 4556 with
2158 4506 2395 4556 Catilina:
2432 4507 2495 4555 he
2516 4505 2560 4555 is
2576 4505 2716 4554 often

1565 4574 1845 4625 mentioned
1880 4574 1935 4623 in
1972 4571 2058 4623 the
2089 4574 2191 4622 Cat.
2225 4578 2370 4621 oratt.
2408 4572 2507 4622 and
2539 4571 2593 4621 in
2628 4570 2714 4620 the
