3229 5145
551 466 676 530 164
1173 461 1318 526 ΕΡ.
1365 460 1539 525 XII.
1594 461 1752 546 (DE
1792 460 1995 525 PET.
2050 459 2337 545 ooNS.)

546 638 872 703 munitum
900 657 1032 701 esse
1062 638 1329 720 oportet,
1358 639 1577 700 tamen
1613 633 1687 700 in
1728 633 1869 720 ipsa
1907 634 2215 720 petitione
2245 634 2562 701 amicitiae
2590 637 2949 721 permultae

548 765 620 808 ao
664 740 967 827 perutiles
1023 743 1488 824 comparantur.
1607 737 1788 804 Nam
1837 737 1909 804 in
1952 738 2176 805 ceteris
2223 739 2532 805 molestiis
2588 739 2783 805 habet
2825 739 2949 806 hoe

545 850 766 911 tamen
807 842 1032 930 petitio
1075 842 1432 908 commodi:
1493 844 1673 927 potes
1715 840 1997 921 honeste,
2044 843 2216 927 quod
2261 842 2333 908 in
2382 846 2591 909 cetera
2634 842 2772 908 vita
2812 865 2948 909 non

546 970 760 1035 queas,
792 968 1220 1033 quoscumque
1247 945 1406 1011 velis
1434 944 1788 1031 adiungere
1818 945 1900 1010 ad
1932 945 2300 1025 amicitiam,
2323 944 2705 1032 quibuscum
2732 946 2788 1011 si
2817 946 2946 1011 alio

544 1056 830 1138 tempore
881 1072 1036 1136 agas
1077 1055 1153 1115 ut
1198 1053 1264 1116 te
1303 1053 1592 1129 utantur,
1642 1048 1913 1114 absurde
1953 1048 2162 1114 facere
2202 1049 2474 1129 videare,
2521 1050 2592 1115 in
2635 1049 2947 1135 petitione

545 1158 763 1221 autem
790 1154 916 1219 nisi
953 1154 1025 1218 id
1062 1174 1220 1240 agas
1257 1157 1323 1218 et
1361 1174 1508 1218 cum
1549 1151 1773 1218 multis
1801 1156 1866 1218 et
1895 1152 2260 1238 diligenter,
2294 1152 2513 1218 nullus
2543 1154 2781 1238 petitor
2811 1174 2947 1218 esse

543 1259 819 1324 videare.
908 1257 1013 1321 26.
1060 1254 1207 1341 Ego
1255 1259 1471 1322 autem
1520 1254 1643 1322 tibi
1691 1254 1813 1321 hoc
1860 1256 2187 1335 confirmo,
2240 1278 2372 1321 esse
2419 1256 2765 1335 neminem,
2818 1254 2947 1321 nisi

544 1362 763 1447 aliqua
805 1359 1269 1426 necessitudine
1312 1359 1803 1444 competitorum
1845 1359 2039 1424 alicui
2079 1363 2339 1425 tuorum
2382 1359 2466 1424 sit
2508 1359 2864 1439 adiunctus,
2904 1381 2948 1424 a

544 1487 672 1551 quo
715 1486 846 1530 non
893 1462 1100 1542 facile,
1149 1462 1205 1527 si
1247 1463 1668 1541 contenderis,
1709 1462 2051 1548 impetrare
2097 1462 2318 1548 poesie,
2361 1466 2438 1528 ut
2480 1484 2596 1528 suo
2638 1460 2945 1528 beneficio

539 1571 995 1655 promereatur,
1044 1588 1109 1632 se
1147 1570 1224 1632 ut
1262 1588 1433 1631 ames
1472 1570 1538 1632 et
1577 1566 1701 1632 sibi
1742 1571 1818 1631 ut
1862 1565 2110 1646 debeas,
2155 1566 2347 1632 modo
2389 1572 2465 1632 ut
2506 1566 2845 1654 intellegat
2877 1569 2946 1631 te

542 1672 769 1759 magni
798 1670 1151 1748 aestimare,
1182 1692 1264 1734 ex
1291 1668 1507 1734 animo
1547 1690 1756 1755 agere,
1793 1668 1956 1736 bene
1995 1691 2061 1734 se
2099 1691 2353 1755 ponere,
2398 1668 2536 1735 fore
2577 1692 2659 1735 ex
2697 1691 2773 1734 eo
2811 1689 2945 1735 non

539 1775 798 1841 brevem
849 1777 914 1839 et
960 1771 1497 1857 suffragatoriam,
1549 1773 1662 1837 sed
1712 1773 1964 1838 firmam
2015 1776 2080 1838 et
2136 1776 2513 1859 perpetuam
2569 1765 2938 1838 amicitiam.

540 1879 645 1944 27.
721 1877 934 1943 Nemo
984 1875 1126 1952 erit,
1177 1874 1340 1940 mihi
1390 1876 1592 1955 crede,
1652 1875 1724 1940 in
1785 1898 1911 1961 quo
1969 1877 2160 1942 modo
2219 1875 2465 1961 aliquid
2509 1876 2612 1955 sit,
2666 1874 2778 1961 qui
2822 1874 2945 1942 hoe

537 1986 794 2067 tempus
831 1979 953 2045 sibi
997 1976 1285 2044 oblatum
1311 1978 1640 2044 amicitiae
1675 1983 1889 2044 tecum
1928 1980 2411 2045 constituendae
2450 1979 2942 2065 praetermittat,

538 2082 912 2171 praesertim
951 2103 1098 2147 cum
1136 2079 1259 2147 tibi
1294 2080 1415 2146 hoc
1454 2103 1636 2147 casus
1673 2082 1944 2162 adferat,
1974 2087 2050 2148 ut
2076 2083 2125 2147 ii
2154 2086 2365 2148 tecum
2393 2086 2638 2168 petant,
2670 2105 2945 2168 quorum

537 2187 820 2258 amicitia
863 2189 974 2251 aut
1018 2185 1483 2250 contemnenda
1525 2189 1641 2251 aut
1684 2184 1999 2271 fugienda
2032 2186 2136 2264 sit,
2179 2190 2246 2251 et
2282 2187 2396 2271 qui
2432 2187 2572 2267 hoc,
2611 2187 2783 2272 quod
2821 2208 2944 2272 ego

534 2294 602 2357 te
650 2289 893 2368 hortor,
946 2310 1077 2353 non
1129 2288 1319 2353 modo
1371 2288 1657 2374 adsequi,
1713 2290 1824 2355 sed
1880 2311 1964 2354 ne
2021 2289 2300 2375 incipere
2356 2289 2619 2374 quidem
2676 2290 2939 2376 possint.

536 2394 640 2459 28.
688 2393 866 2460 Nam
910 2391 1067 2477 quid
1116 2391 1384 2477 incipiat
1430 2391 1760 2457 Antonius
1802 2390 2092 2457 homines
2136 2392 2489 2478 adiungere
2532 2397 2726 2479 atque
2776 2393 2942 2458 invi-

536 2502 676 2563 tare
714 2497 799 2562 ad
837 2494 1204 2575 amicitiam,
1251 2516 1409 2581 quos
1447 2517 1562 2582 per
1597 2517 1665 2561 se
1705 2518 1820 2561 suo
1857 2496 2118 2561 nomine
2156 2495 2479 2583 appellare
2517 2519 2649 2563 non
2693 2496 2944 2584 possit?

538 2600 712 2667 Mihi
761 2600 1025 2686 quidem
1073 2598 1240 2664 nihil
1297 2599 1556 2665 stultius
1611 2599 1870 2665 videtur
1928 2622 2123 2686 quam
2181 2600 2544 2666 existimare
2602 2623 2735 2667 esse
2795 2623 2945 2667 eum

538 2705 897 2770 studiosum
937 2703 1054 2781 tui,
1099 2724 1292 2788 quem
1329 2723 1463 2767 non
1509 2703 1703 2768 noris.
1792 2703 2125 2769 Eximiam
2167 2706 2518 2789 quamdam
2560 2704 2836 2790 gloriam
2878 2710 2946 2771 et

540 2808 931 2893 dignitatem
973 2829 1046 2871 ac
1083 2827 1299 2871 rerum
1342 2811 1669 2890 gestarum
1711 2807 2231 2893 magnitudinem
2274 2829 2406 2872 esse
2450 2812 2696 2893 oportet
2740 2808 2811 2873 in
2847 2829 2942 2888 eo,

541 2933 732 2997 quem
778 2908 1069 2975 homines
1113 2907 1342 2992 ignoti,
1388 2908 1585 2973 nullis
1628 2910 2155 2996 suffragantibus,
2199 2909 2440 2977 honore
2482 2911 2822 2977 adficiant:
2869 2917 2947 2978 ut

541 3014 804 3100 quidem
830 3011 1021 3078 homo
1050 3033 1348 3096 nequam,
1379 3012 1550 3077 iners
1580 3012 1719 3078 sine
1747 3014 1971 3094 officio,
1995 3014 2132 3079 sine
2159 3012 2444 3100 ingenio,
2475 3037 2623 3080 cum
2651 3014 2943 3096 infamia,

539 3115 740 3182 nullis
787 3115 1025 3194 amicis,
1072 3112 1401 3179 hominem
1449 3114 1880 3201 plurimorum
1926 3117 2139 3184 studio
2199 3122 2392 3203 atque
2438 3119 2728 3184 omnium
2775 3117 2948 3185 bona

540 3218 1012 3287 existimatione
1050 3217 1375 3283 munitum
1408 3225 1796 3304 praecurrat,
1830 3221 1965 3286 sine
2004 3243 2246 3307 magna
2283 3221 2473 3307 culpa
2498 3222 2947 3309 neglegentiae

542 3323 683 3390 fleri
710 3344 842 3388 non
869 3325 1096 3407 potest.

614 3495 693 3542 25.
724 3499 863 3554 potos
898 3489 1108 3556 honeste]
1164 3492 1188 3566 ᾗ
1209 3507 1309 3556 you
1339 3508 1451 3567 pan,
1488 3492 1703 3544 without
1800 3495 1862 3544 be
1899 3495 2085 3560 merely
2120 3511 2151 3545 a
2184 3495 2322 3546 short
2352 3495 2729 3562 electionem-ing
2760 3498 2948 3553 friend·

548 3559 648 3609 loss
682 3560 740 3607 of
770 3560 919 3616 caste,
956 3555 1084 3605 form
1117 3556 1412 3620 fnendships
1447 3556 1568 3608 with
1600 3575 1702 3624 any
1801 3558 1929 3623 ship,
1950 3561 2042 3610 but
2062 3577 2093 3610 a
2112 3561 2226 3610 firm
2246 3562 2344 3611 and
2363 3562 2547 3626 lasting
2567 3566 2695 3613 one.'
2770 3564 2797 3615 I
2819 3566 2920 3618 hav

547 3639 643 3673 one
681 3637 782 3686 you
816 3620 1009 3683 please3
1061 3620 1224 3671 whom
1261 3621 1305 3670 if
1341 3628 1392 3672 at
1426 3638 1527 3687 any
1560 3623 1702 3673 other
1800 3625 2013 3675 inserted
2045 3641 2077 3674 a
2108 3641 2297 3676 comma
2327 3626 2459 3675 after
2489 3630 2753 3677 aestimare.
2822 3630 2875 3682 It
2905 3632 2949 3683 is

549 3688 670 3738 time
708 3702 808 3750 you
846 3684 1027 3748 sought
1059 3690 1113 3734 to
1149 3685 1292 3735 make
1328 3701 1454 3750 your
1491 3687 1697 3751 friends,
1801 3705 1923 3754 very
1959 3690 2213 3740 awkward
2248 3697 2302 3741 to
2335 3691 2478 3741 make
2508 3708 2570 3740 ex
2609 3695 2769 3743 animo
2810 3713 2950 3759 aym

553 3770 655 3828 you
677 3750 843 3800 would
864 3750 925 3798 be
947 3748 1162 3813 thought
1182 3750 1345 3815 guilty
1362 3750 1418 3800 of
1438 3752 1699 3802 unbeeom·
1800 3755 1990 3817 depend
2010 3770 2075 3803 on
2097 3757 2362 3816 aestimare,
2383 3757 2482 3805 and
2514 3763 2558 3804 te
2582 3756 2627 3806 is
2651 3759 2807 3822 easily
2831 3778 2947 3838 sup-

552 3834 642 3881 ing
674 3816 883 3866 conduct
914 3813 988 3876 (of
1015 3829 1046 3862 a
1075 3815 1267 3876 bitiae„
1302 3815 1521 3866 whereas
1553 3817 1701 3867 when
1800 3819 1932 3882 plied
1964 3819 2127 3883 again.
2196 3822 2372 3869 Ponere
2402 3820 2447 3870 is
2473 3825 2554 3870 ‘to
2586 3821 2783 3883 invest:
2809 3842 2864 3875 as
2895 3843 2950 3875 m

553 3898 654 3946 you
683 3896 765 3930 are
795 3894 826 3927 a
854 3878 1124 3938 candidate,
1148 3878 1193 3928 if
1220 3896 1322 3945 you
1350 3881 1413 3930 do
1440 3887 1529 3931 not
1557 3882 1703 3932 make
1794 3887 2045 3946 pecuniam
2090 3887 2144 3933 in
2180 3887 2381 3946 praedio
2425 3902 2617 3948 ponere,
2668 3891 2842 3949 positio
2895 3894 2949 3939 in

551 3947 654 3996 this
686 3960 812 4009 your
842 3943 1024 4006 object,
1059 3945 1157 3993 and
1189 3960 1255 3993 an
1285 3944 1555 4007 im120rtant
1592 3961 1702 4004 one,
1790 3950 1992 4013 faenore
2028 3951 2206 3998 numia.

553 4013 651 4061 and
680 4009 861 4059 extend
890 4008 929 4056 it
951 4023 1069 4057 over
1095 4024 1126 4057 a
1153 4008 1288 4072 large
1319 4026 1448 4071 area,
1476 4026 1576 4075 you
1597 4011 1704 4061 will
1868 4016 1947 4061 28.
1985 4016 2104 4076 quid
2125 4016 2329 4075 incipiat
2355 4053 2366 4064 .
2395 4052 2407 4063 .
2434 4050 2446 4063 .
2471 4032 2586 4078 quos
2609 4052 2622 4064 .
2651 4054 2663 4065 .
2692 4053 2704 4064 .
2730 4035 2948 4081 nonpos-

551 4077 615 4126 be
636 4073 850 4138 thought
872 4089 903 4121 a
922 4071 1100 4122 failure
1122 4089 1176 4121 as
1198 4089 1229 4122 a
1250 4074 1541 4124 candidate.⁹
1606 4075 1698 4139 Cp.
1803 4077 1892 4141 sie]
1960 4080 1974 4104 ⁴
1991 4078 2126 4128 what
2147 4080 2312 4130 would
2342 4080 2485 4131 make
2512 4080 2617 4131 him
2645 4081 2793 4148 begin
2828 4122 2840 4134 .
2878 4119 2892 4132 .
2933 4122 2945 4133 .

553 4143 740 4189 nullum
784 4144 1132 4200 arqumentum,
1173 4140 1232 4187 ‘a
1268 4138 1518 4189 wretched
1549 4156 1700 4204 argu·
1804 4142 1948 4192 when
1970 4142 2035 4193 he
2055 4145 2264 4194 cannot'
2284 4146 2308 4193 1>

554 4204 731 4266 ment‚’
755 4202 904 4252 Tusc.
929 4201 983 4251 ii.
1013 4204 1089 4250 13.
1161 4265 1173 4277 .
1860 4223 1953 4268 por
1973 4206 2045 4273 u]
2105 4212 2119 4235 ‘
2134 4208 2380 4260 uuaided.⁹
2443 4209 2526 4260 He
2548 4210 2714 4262 would
2734 4212 2795 4262 be
2816 4228 2949 4263 com-

622 4272 700 4318 26.
727 4269 858 4316 modo
883 4267 960 4330 ut]
1004 4271 1018 4294 ‘
1036 4267 1271 4330 provided
1291 4267 1413 4332 only
1432 4267 1497 4318 he
1518 4270 1701 4318 under·
1803 4271 1966 4333 pelled
1987 4278 2039 4322 to
2060 4272 2187 4323 have
2208 4289 2432 4324 recourse
2452 4281 2504 4324 to
2534 4274 2612 4325 his
2634 4280 2952 4327 nomenclator

556 4334 726 4383 stands
759 4332 870 4381 that
907 4346 1006 4395 you
1042 4331 1187 4381 value
1219 4330 1299 4380 his
1331 4332 1557 4395 services,
1594 4333 1702 4383 that
1802 4344 1857 4383 to
1898 4336 2033 4386 learn
2077 4337 2162 4387 the
2204 4354 2372 4389 names
2412 4339 2469 4389 of
2504 4339 2644 4390 those
2682 4341 2846 4393 whom
2886 4341 2952 4392 he

579 4414 661 4447 ‘ou
681 4412 764 4446 are
790 4396 843 4444 in
873 4400 1079 4455 earnest,
1108 4395 1217 4444 that
1245 4395 1309 4446 he
1337 4396 1381 4446 is
1411 4397 1584 4462 laying
1617 4403 1706 4447 out
1806 4399 1993 4450 desioed
2025 4409 2079 4452 to
2108 4403 2322 4452 address.

557 4416 1600 4590 iufiffissffirzsaazdzssssffisszagffffiff
1619 4463 1707 4578 2¹32
1806 4482 1922 4579 ..3.
1948 4464 2039 4551 4]
2112 4467 2384 4519 ‘Mum
2427 4475 2479 4519 ω
2521 4471 2584 4520 ‘¹0
2755 4488 2785 4522 ·
2823 4473 2950 4537 ⁸00⁶
