3229 5145
915 488 1062 554 ΕΡ.
1112 489 1387 554 XLIII.
1443 488 1675 572 (ΑΠ’.
1706 488 1813 553 II.
1845 488 1980 570 16.)
2528 486 2652 550 297

257 663 366 748 qui
415 684 606 749 agros
652 662 940 749 publicos
979 661 1366 748 possideant.
1458 660 1586 727 Sed
1627 665 1848 728 tamen
1894 664 1970 726 tu
2012 658 2258 745 aliquid
2300 657 2657 744 publicanis

257 767 515 852 pendis:
560 766 719 832 haec
746 766 943 833 etiam
976 765 1048 831 id
1078 768 1347 831 recusat.
1438 764 1541 830 Ea
1578 765 1702 830 tibi
1740 765 1943 851 igitur
1981 767 2046 828 et
2080 767 2374 847 Κικέρων,
2407 763 2654 846 ἀριστο-

256 873 704 955 κρατικώτατος
732 879 903 951 παῖς,
936 869 1209 935 salutem
1237 869 1483 934 dieunt.

542 1220 819 1288 XLIII.
909 1221 1026 1289 ΤΟ
1069 1221 1489 1303 ATTIOUS,
1534 1245 1612 1289 nt
1659 1222 1866 1289 Rom:
1916 1220 2109 1304 (A‘rr.
2142 1240 2218 1286 11.
2255 1219 2367 1304 16).

666 1448 986 1507 romana,
1031 1448 1097 1492 A.
1131 1448 1198 1491 U.
1231 1448 1286 1491 C.
1320 1448 1453 1510 6953
1500 1449 1563 1493 B.
1597 1450 1651 1494 C.
1684 1449 1785 1508 593
1832 1448 1979 1492 AET.
2012 1446 2130 1491 clo.
2163 1442 2246 1494 47.

352 1631 428 1681 De
461 1646 582 1696 agro
605 1630 855 1693 Campano
876 1630 1064 1681 viritim
1096 1629 1358 1681 dividendo
1388 1632 1499 1696 lege
1530 1631 1677 1694 Iulia,
1706 1633 1768 1682 de
1802 1646 1901 1696 quo
1928 1629 2188 1694 scripserat
2218 1625 2429 1688 Atticus,
2468 1626 2530 1675 de
2562 1626 2663 1676 ctio

252 1728 342 1762 eno
375 1712 632 1774 litterario,
669 1715 799 1779 quod
834 1713 933 1762 iam
966 1712 1038 1762 rei
1071 1712 1299 1776 publicae
1327 1715 1609 1764 tractandae
1641 1718 1922 1778 anteponat,
1960 1713 2021 1762 de
2044 1710 2106 1768 Q.
2125 1707 2294 1760 fratris
2324 1705 2576 1757 mansione
2608 1707 2662 1756 in

255 1795 374 1845 Asia
404 1801 455 1844 et
487 1794 549 1844 de
580 1794 644 1843 iis
676 1794 904 1860 negotiis,
942 1794 1003 1843 de
1035 1793 1217 1859 quibus
1247 1794 1334 1844 ille
1365 1794 1420 1844 in
1450 1795 1631 1846 litteris
1663 1794 1766 1845 suis
1797 1794 1982 1860 egerit:
2021 1809 2074 1843 se
2103 1790 2326 1842 Atticum
2354 1788 2409 1839 in
2433 1788 2664 1852 Arpinati

254 1882 553 1940 exspectare.

1089 2039 1349 2095 CICERO
1387 2039 1649 2095 ATTICO
1685 2039 1838 2093 SAL.

387 2196 449 2262 1.
499 2195 742 2261 Genato
785 2195 949 2261 mihi
989 2200 1053 2261 et
1090 2196 1222 2261 iam
1268 2195 1647 2262 dormitanti
1691 2195 1855 2282 prid.
1888 2192 1980 2259 K.
2011 2192 2223 2258 Maias
2265 2188 2533 2275 epistola
2568 2193 2665 2253 est

255 2299 369 2365 illa
418 2301 693 2378 reddita,
753 2299 826 2363 in
887 2321 1015 2384 qua
1072 2299 1152 2363 de
1211 2322 1368 2385 agro
1412 2298 1741 2385 Campano
1786 2296 2023 2363 scribis.
2124 2294 2314 2365 ‚Quid
2358 2292 2609 2377 quaeris
2632 2292 2664 2354 Ρ

256 2402 477 2468 Primo
521 2402 619 2467 ita
659 2424 763 2468 me
803 2402 1104 2488 pupugit,
1142 2408 1217 2468 ut
1257 2425 1554 2468 somnum
1594 2402 1758 2467 mihi
1798 2400 2126 2477 ademerit,
2168 2398 2280 2462 sed
2314 2396 2385 2461 id
2423 2395 2663 2480 cogita-

256 2508 431 2572 tione
466 2504 678 2592 magis
717 2527 913 2592 quam
951 2506 1263 2572 molestia.
1353 2505 1686 2593 Cogitanti
1724 2509 1941 2570 autem
1981 2502 2137 2567 haec
2173 2500 2306 2565 fere
2346 2519 2663 2563 succurre-

257 2609 458 2675 bant:
523 2611 807 2696 primum
867 2632 947 2675 ex
1006 2631 1102 2687 eo,
1164 2610 1337 2695 quod
1394 2608 1825 2695 superioribus
1882 2607 2113 2673 litteris
2171 2604 2524 2688 scripseras,
2586 2623 2666 2665 ex

258 2713 566 2779 familiari
605 2718 671 2778 te
710 2713 886 2778 illius
925 2713 1176 2779 audisse
1212 2714 1536 2797 prolatum
1581 2713 1665 2778 iri
1704 2710 1950 2797 aliquid
1990 2710 2160 2796 quod
2200 2729 2388 2773 nemo
2427 2705 2664 2789 impro-

259 2816 461 2896 baret,
492 2816 701 2882 maius
731 2816 978 2902 aliquid
1004 2816 1385 2882 timueram:
1431 2815 1553 2882 hoc
1580 2815 1742 2881 mihi
1778 2815 1914 2880 eius
1943 2813 2120 2879 modi
2147 2834 2278 2878 non
2307 2808 2662 2875 videbatur.

258 2919 540 3001 Deinde,
569 2923 646 2985 ut
675 2942 778 2985 me
807 2924 1063 3005 egomet
1092 2921 1394 3000 consoler,
1427 2921 1636 2985 omnis
1666 2919 2052 3004 exspectatio
2082 2912 2443 3000 largitionis
2481 2933 2664 2997 agra-

257 3024 392 3089 riae
418 3023 493 3088 in
523 3045 754 3110 agrum
784 3021 1188 3108 Campanum
1217 3023 1473 3089 videtur
1501 3046 1636 3089 esse
1666 3022 1990 3088 derivata:
2039 3020 2151 3105 qui
2186 3041 2358 3105 ager,
2389 3022 2466 3082 ut
2501 3016 2668 3079 dena

257 3125 487 3212 iugera
514 3127 665 3205 sint,
696 3147 828 3192 non
866 3126 1143 3212 amplius
1182 3125 1520 3192 hominum
1560 3127 1845 3212 quinque
1878 3124 2061 3190 milia
2098 3126 2308 3209 potest
2336 3120 2666 3196 sustinere,

257 3231 510 3315 reliqua
537 3228 745 3295 omnis
772 3229 1125 3295 multitudo
1156 3228 1238 3294 ab
1266 3229 1397 3295 illis
1426 3229 1825 3296 abalienetur
1845 3249 2094 3294 necesse
2116 3230 2231 3291 est.
2307 3223 2666 3299 Praeterea,

259 3335 313 3399 si
341 3333 480 3398 ulla
506 3354 608 3398 res
635 3335 730 3397 est
759 3354 923 3418 quae
942 3332 1261 3399 bonorum
1289 3334 1557 3414 animos,
1585 3355 1745 3419 quos
1772 3333 1903 3398 iam
1929 3331 2111 3397 video
2144 3352 2277 3395 esse
2299 3331 2666 3403 commotos,

262 3533 573 3599 publicanus,
599 3549 656 3585 or
674 3551 739 3584 an
770 3541 923 3598 agent
942 3534 998 3585 of
1028 3535 1115 3585 the
1145 3536 1414 3599 publicani,

261 3601 535 3651 demanded
576 3606 689 3648 rent
723 3599 855 3649 from
892 3599 1125 3651 Terentia
1167 3602 1243 3651 for
1284 3617 1417 3652 some

262 3665 432 3728 public
448 3664 567 3714 land
583 3663 747 3713 which
769 3664 857 3715 she
872 3664 989 3714 held
1003 3664 1245 3715 rent-free
1261 3667 1418 3716 under

261 3730 348 3779 the
380 3729 482 3779 law
511 3728 566 3780 of
598 3730 693 3781 673
728 3729 856 3791 (b.c.
893 3733 979 3779 111
1008 3765 1021 3787 ,
1059 3730 1299 3795 probably
1330 3731 1417 3781 the

264 3797 340 3844 10oe
373 3795 583 3843 Baebia:
620 3809 700 3843 see
742 3794 944 3843 Momm.
1062 3810 1129 3843 m.
1166 3794 1303 3844 Hist.
1340 3795 1415 3844 iii.

268 3861 391 3919 1343
440 3858 797 3917 Wordsworth‚
841 3860 1125 3921 Fraqmentae
1167 3861 1226 3923 qs
1263 3861 1417 3922 Early

262 3925 433 3985 Latin,
474 3939 524 3986 p.
566 3926 679 3971 441.
746 3923 971 3972 Mulvius
1013 3923 1129 3974 held
1172 3924 1282 3974 that
1316 3925 1417 3975 this

263 3988 361 4038 law
382 4003 487 4037 vas
516 4003 581 4037 no
609 3987 783 4051 longer
811 3988 868 4036 in
898 3987 1050 4037 force.
1119 3989 1334 4050 Atticm,
1364 3989 1419 4039 in

261 4052 528 4128 espousing
580 4052 668 4101 the
720 4068 864 4102 cause
919 4053 975 4102 of
1019 4053 1263 4113 Terentia,
1314 4070 1416 4104 was

262 4124 602 4246 fflffi
614 4116 1281 4247 tiinfflffixffiffi
1302 4119 1419 4233 {¹112

263 4246 500 4307 number;
533 4246 726 4310 though
769 4246 833 4295 he
872 4262 975 4296 was
1012 4247 1206 4311 willing
1238 4254 1290 4298 to
1321 4264 1421 4313 pay

264 4326 399 4361 some
428 4311 574 4360 small
607 4316 732 4371 rent,
769 4310 920 4361 while
949 4310 1180 4365 Terentia
1212 4313 1421 4363 claimed

265 4383 319 4427 to
338 4375 458 4426 hold
478 4376 566 4426 the
587 4375 705 4425 land
725 4376 987 4425 rent-free.

334 4439 622 4505 Κικέρων]
711 4446 724 4469 ‘
742 4456 773 4490 a
793 4447 922 4490 most
942 4442 1277 4492 conservative
1298 4441 1416 4503 lad,’

272 4510 333 4555 ‘a
352 4510 464 4556 true
495 4505 725 4555 follower
759 4506 817 4555 of
842 4505 930 4555 the
962 4507 1247 4567 optimates)
1317 4507 1423 4556 The

268 4568 376 4621 fact
394 4571 507 4621 that
533 4570 650 4620 here
678 4570 825 4635 again
853 4570 917 4620 he
947 4586 1160 4636 conveys
1186 4572 1271 4622 the
1293 4570 1421 4621 salu-

1514 3536 1674 3587 tation
1717 3537 1775 3585 of
1810 3535 1890 3585 his
1933 3550 2021 3584 son
2064 3533 2118 3583 in
2164 3533 2324 3583 Greek
2378 3531 2541 3580 shows
2584 3530 2669 3577 the

1515 3602 1839 3651 baseleesness
1857 3601 1912 3650 os
1922 3599 2199 3649 Wieland's
2221 3597 2482 3662 ingenious
2498 3595 2670 3644 notion

1516 3665 1801 3716 mentioned
1821 3681 1886 3715 on
1908 3664 2015 3714 Att.
2041 3664 2095 3713 ii.
2122 3667 2169 3726 9,
2197 3667 2244 3713 4.

1932 3796 1946 3821 ⁴
1961 3793 2032 3843 As
2066 3792 2093 3843 1
2130 3807 2233 3842 was

1516 3860 1647 3909 after
1675 3860 1853 3909 dinner
1882 3858 1908 3907 1
1941 3858 2162 3907 received
2193 3872 2321 3920 your
2346 3854 2493 3903 letter
2521 3854 2672 3926 about

1516 3925 1603 3974 the
1624 3924 1729 3974 free
1751 3923 2066 3973 distribution
2087 3923 2141 3971 of
2162 3921 2280 3970 land
2305 3919 2359 3968 in
2382 3918 2666 3980 Campania.

1518 3989 1704 4053 Briefly
1719 3994 1770 4038 to
1784 3987 2001 4037 describe
2018 3988 2084 4036 its
2100 3986 2261 4047 effect,
2283 3984 2391 4033 first
2411 3982 2454 4032 it
2469 3988 2584 4031 stam
2597 3982 2672 4029 ted

1520 4071 1596 4104 me
1619 4070 1673 4103 so
1695 4053 1842 4102 much
1864 4053 1975 4102 that
1995 4053 2037 4101 it
2059 4051 2297 4100 bauished
2320 4049 2386 4098 all
2405 4061 2492 4111 my
2510 4048 2670 4095 drow-

1519 4119 1689 4178 siness,
1726 4119 1817 4167 but
1850 4117 1953 4167 this
1982 4132 2084 4166 was
2120 4114 2284 4165 rather
2317 4114 2387 4178 by
2417 4126 2586 4161 reason
2621 4111 2678 4159 of

1518 4184 1605 4233 the
1627 4182 1759 4233 train
1780 4184 1836 4232 of
1855 4182 2068 4244 thought
2087 4180 2131 4230 it
2151 4178 2420 4230 awakened
2434 4176 2558 4227 than
2571 4190 2670 4239 any

1519 4249 1722 4298 distr-ess
1741 4247 1785 4297 it
1806 4248 1984 4296 caused
2006 4245 2120 4295 me.’

1582 4316 1686 4361 eiua
1708 4312 1858 4376 modi]
1916 4327 1983 4360 sc.
2002 4313 2158 4358 maius
2178 4307 2380 4371 aliquid,
2413 4309 2427 4336 ‘
2441 4322 2472 4356 a
2487 4319 2671 4367 sweep-

1519 4377 1609 4440 ing
1631 4392 1852 4426 measure
1867 4375 1882 4399 ’
1913 4374 2000 4440 (W
2001 4376 2180 4437 atson).

1587 4444 1804 4490 derivata
1827 4439 1903 4506 in]
1978 4443 1991 4466 ‘
2007 4441 2176 4488 drawn
2199 4437 2270 4488 off
2292 4436 2380 4487 to!

1588 4515 1641 4555 ut
1686 4510 1806 4555 dena
1849 4508 2014 4566 iuqera
2057 4504 2177 4569 sinc]
2249 4506 2263 4530 ⁴
2279 4499 2547 4565 supposing
2590 4497 2675 4547 the

1522 4572 1803 4621 allotments
1836 4575 1888 4619 to
1923 4570 1982 4619 be
2020 4572 2077 4617 10
2115 4571 2279 4631 ἔκρινα
2310 4566 2544 4630 a·piece.’

1589 3799 1632 3845 1.
1671 3793 1863 3858 cenato]
2269 3789 2445 3853 taking
2476 3804 2508 3838 a
2538 3788 2670 3848 sleep
