3229 5145
520 461 649 526 384
1105 458 1252 523 ΕΡ.
1300 457 1505 522 LXX
1518 456 1722 522 VIII.
1777 455 1867 541 (A
1882 456 2010 519 TT.
2042 454 2189 518 HJ.
2223 455 2355 538 20.)

520 636 677 701 runt
704 637 1015 718 quantam
1044 630 1337 696 aliorum.
1428 627 1531 695 Ao
1568 632 1789 694 tamen
1826 650 1974 694 mea
2010 649 2153 714 spes
2182 626 2381 693 etiam
2406 626 2665 692 tenuior
2694 647 2948 712 semper

522 737 655 804 fuit
699 757 896 822 quam
946 740 1097 801 tuae
1147 733 1421 800 litterae.
1512 731 1643 798 Sed
1688 735 1928 812 tamen,
1974 732 2320 817 quoniam-32
2328 733 2628 817 coeptum
2669 733 2769 802 est
2811 730 2940 816 agi,

527 861 780 927 quoquo
822 839 1015 904 modo
1063 842 1360 923 coeptum
1403 840 1500 902 est
1537 840 1603 902 et
1650 858 2052 921 quacumque
2095 835 2177 900 de
2223 856 2431 914 eausa,
2476 857 2611 902 non
2655 835 2942 901 deseram

525 966 733 1029 neque
781 942 1010 1029 optimi
1058 945 1253 1025 atque
1296 940 1475 1005 unici
1520 939 1742 1005 fratris
1785 939 2049 1005 miseras
2095 961 2169 1004 ao
2210 939 2532 1004 luctuosas
2574 961 2793 1025 preces
2831 962 2950 1004 neo

526 1047 718 1114 Sestii
762 1051 1242 1130 oeterorumque
1287 1044 1601 1129 promissa
1648 1064 1767 1108 nec
1808 1065 1987 1128 spem
2030 1042 2624 1108 aerumnosissimae
2660 1042 2950 1108 mulieris

533 1148 937 1237 [Terentiae]
986 1171 1104 1214 neo
1142 1147 1534 1213 miserrimae
1581 1144 1934 1234 [mulieris]
1982 1145 2300 1212 Tulliolae
2338 1145 2842 1212 obsecrationem
2884 1150 2951 1211 et

528 1253 747 1318 fideles
794 1253 1041 1318 litteras
1091 1256 1255 1317 tuas.
1345 1250 1521 1316 Mihi
1560 1250 1804 1336 Epirus
1842 1255 1956 1315 aut
1998 1250 2124 1316 iter
2162 1252 2246 1315 ad
2289 1249 2564 1316 salutem
2607 1248 2794 1314 dabit
2835 1254 2956 1315 aut

530 1357 704 1442 quod
732 1356 951 1442 scripsi
980 1378 1189 1442 supra.
1282 1356 1343 1419 3.
1392 1353 1488 1421 Te
1526 1377 1639 1420 oro
1679 1359 1746 1420 et
1782 1352 2056 1434 obsecro,
2090 1352 2169 1418 T.
2202 1352 2543 1440 Pomponi,
2574 1352 2631 1419 si
2665 1375 2771 1419 me
2811 1375 2951 1418 om·

530 1459 722 1525 nibus
750 1459 1178 1546 amplissimis,
1208 1458 1547 1525 carissimis
1575 1457 2179 1542 iucundissimisque
2212 1456 2402 1523 rebus
2441 1456 2714 1543 perfidia
2739 1455 2951 1522 homi-

530 1585 692 1628 num
743 1562 1110 1649 spoliatum,
1159 1562 1215 1627 si
1259 1584 1364 1627 me
1406 1584 1446 1627 a
1486 1561 1648 1627 meis
1694 1560 2071 1627 consiliariis
2114 1561 2443 1646 proditum
2488 1564 2553 1626 et
2595 1561 2954 1646 proiectum

531 1666 730 1747 vides,
761 1665 817 1730 si
844 1665 1170 1752 intellegis
1197 1687 1302 1731 me
1333 1669 1624 1730 eoactum
1652 1669 1730 1729 ut
1757 1664 1894 1750 ipse
1921 1686 2027 1729 me
2056 1668 2122 1730 et
2149 1686 2326 1729 meos
2354 1664 2711 1749 perderem,
2740 1667 2816 1729 ut
2846 1685 2962 1729 me

532 1774 650 1835 tua
685 1769 1121 1835 misericordia
1153 1769 1334 1835 iuves
1373 1773 1439 1835 et
1468 1767 1794 1840 Quintum
1833 1768 2117 1847 fratrem,
2149 1767 2263 1852 qui
2297 1772 2511 1853 potest
2548 1790 2682 1833 esse
2718 1767 2954 1847 salvus,

533 1877 885 1951 sustentes3
932 1871 1301 1937 Terentiam
1337 1871 1698 1959 liberosque
1736 1893 1912 1937 meos
1949 1876 2207 1951 tueare3
2252 1893 2376 1950 me,
2408 1871 2463 1935 si
2495 1873 2689 1957 putas
2717 1875 2783 1936 te
2811 1869 2962 1937 istic

532 1976 841 2056 visurum,
895 1980 1237 2061 exspectes,
1283 1974 1340 2041 si
1387 1975 1625 2058 minus,
1673 1975 1931 2055 invisas,
1979 1974 2036 2041 si
2084 1980 2284 2061 poteS,
2337 1974 2628 2059 mihique
2670 1997 2755 2040 ex
2796 1996 2957 2060 agro

532 2084 648 2146 tuo
690 2083 947 2145 tantum
997 2079 1315 2164 adsignes,
1368 2082 1691 2163 quantum
1733 2099 1878 2144 meo
1929 2100 2187 2164 corpore
2239 2077 2533 2164 occupari
2581 2081 2834 2163 potest:
2890 2081 2958 2143 et

534 2205 764 2270 pueros
801 2183 887 2247 ad
921 2204 1025 2248 me
1055 2204 1202 2247 cum
1238 2181 1472 2247 litteris
1510 2204 1710 2267 quam
1747 2181 2031 2269 primum
2069 2187 2137 2248 et
2173 2202 2370 2266 quam
2409 2179 2776 2267 saepissime
2803 2179 2960 2247 mit-

535 2291 657 2353 tas.
746 2285 924 2352 Data
952 2307 1074 2350 xm
1103 2284 1259 2352 Kal.
1293 2284 1552 2353 Octobr.

752 2572 1166 2641 LXXVIII.
1256 2572 1375 2642 TO
1418 2572 1844 2655 ATTICUS,
1889 2596 1966 2640 m
2011 2572 2218 2640 Roma
2269 2570 2461 2658 (Art.
2495 2594 2601 2641 111.
2634 2576 2750 2661 20).

866 2784 1383 2842 russsALoch,
1415 2784 1478 2828 A.
1511 2784 1580 2829 u.
1613 2784 1668 2829 o.
1703 2783 1828 2842 ⁶963
1877 2785 1938 2827 B.
1973 2783 2025 2827 c,
2060 2781 2162 2842 583
2209 2782 2358 2827 ΛΒΤ.
2391 2783 2514 2827 c10.
2545 2784 2629 2830 4⁸.

638 2950 711 3001 M.
745 2950 917 3001 Cicero
953 2949 1233 3014 gratulatur
1262 2948 1430 3000 Attico
1463 2950 1526 3001 de
1561 2948 1671 3001 eius
1704 2949 1966 3013 adoptione
1997 2964 2088 3012 per
2122 2946 2184 3005 Q.
2212 2946 2484 2999 Caecilium
2516 2949 2822 3000 avunculum
2858 2950 2962 3000 iam

541 3038 792 3082 mortuum
812 3032 962 3090 facta,
988 3033 1049 3082 de
1082 3030 1369 3082 condicione
1396 3036 1449 3081 et
1469 3047 1556 3095 spe
1587 3046 1694 3093 sua,
1717 3031 1779 3081 de
1811 3031 1955 3082 domo
1983 3046 2074 3080 sua
2104 3034 2157 3080 et
2176 3030 2350 3080 ceteris
2371 3030 2521 3081 rebus
2552 3030 2672 3090 suis,
2695 3046 2819 3096 quas
2840 3030 2961 3081 uni·

541 3128 708 3164 versas
730 3113 898 3162 Attico
924 3112 1250 3176 commendat,
1276 3112 1337 3163 de
1356 3111 1668 3163 humanitate
1688 3110 1862 3174 Attici,
1890 3113 1952 3162 de
1972 3110 2226 3176 rogatione
2249 3110 2415 3162 Sentii.

749 3278 1011 3333 CICERO
1048 3279 1103 3334 S.
1144 3282 1212 3334 D.
1251 3280 1320 3340 Q..
1360 3278 1706 3336 CAECILIO
1742 3281 1812 3340 Q.
1851 3280 1915 3335 F.
1955 3279 2434 3335 POMPONIANO
2472 3278 2754 3336 ATTICO.
2837 3256 2842 3261 Φ

676 3418 735 3483 1.
784 3415 978 3488 Quod
1028 3419 1290 3503 quidem
1340 3420 1436 3486 ita
1491 3441 1625 3486 esse
1676 3424 1742 3486 et
1793 3419 2184 3485 avunculum
2234 3424 2424 3485 tuum
2474 3418 2775 3485 functum
2823 3443 2968 3488 esse

545 3521 750 3587 officio
777 3519 1334 3588 vehementissime
1373 3521 1592 3609 probo,
1636 3523 1919 3609 gaudere
1956 3544 2062 3588 me
2100 3527 2245 3588 tum
2283 3521 2513 3604 dicam,
2554 3524 2610 3589 si
2647 3522 2811 3590 mihi
2837 3523 2968 3593 hoo

608 3692 840 3807 deseram}
924 3695 938 3720 ‘
961 3693 1024 3745 be
1077 3693 1303 3760 wanting
1353 3696 1443 3755 to‚’
1493 3700 1508 3725 ‘
1532 3696 1700 3759 disap-
1803 3693 1846 3744 is
1867 3711 1969 3760 any
1990 3694 2175 3746 chance
2196 3696 2252 3745 of
2271 3695 2443 3772 seeing
2467 3711 2547 3747 me
2566 3696 2624 3747 in
2643 3696 2817 3761 Rome,
2840 3697 2965 3750 vait

544 3759 751 3823 pomt:'
788 3775 812 3807 c
842 3794 855 3807 .
879 3761 1011 3807 salua
1038 3762 1301 3823 deseratur,
1330 3761 1472 3810 Fam.
1498 3777 1534 3811 ι.
1563 3762 1609 3822 7,
1639 3764 1698 3822 8;
1803 3759 1883 3809 for
1920 3776 1998 3811 me
2040 3760 2213 3821 there;
2270 3761 2320 3810 11·
2354 3768 2459 3823 not,
2507 3778 2646 3813 come
2686 3768 2741 3813 to
2781 3779 2864 3813 me
2907 3763 2964 3814 in

545 3840 611 3873 an
645 3831 699 3872 tu
731 3839 803 3872 mo
833 3839 936 3871 oum
974 3826 1027 3872 in
1070 3841 1301 3874 summam
1343 3828 1707 3889 expectationem
1805 3823 2004 3887 Epirus,
2058 3824 2105 3875 if
2153 3826 2386 3889 possible,
2445 3828 2545 3876 and
2591 3828 2663 3878 let
2707 3843 2788 3878 me
2829 3827 2966 3879 have

546 3889 822 3949 adduxeris,
847 3890 1033 3947 deseris,
1060 3888 1208 3939 Tusc.
1231 3891 1267 3941 i.
1293 3893 1374 3942 39.
1806 3888 1862 3938 of
1920 3905 2049 3954 your
2100 3889 2221 3940 land
2283 3890 2424 3942 there
2445 3919 2512 3929 —
2533 3891 2733 3958 enough
2795 3892 2880 3944 for
2931 3909 2963 3943 a

613 3954 757 4003 Sentii
848 3952 1049 4003 tribune
1075 3953 1201 4004 elect
1228 3955 1310 4005 for
1335 3955 1423 4006 the
1443 3954 1707 4021 following
1805 3955 1992 4019 grave!

546 4033 684 4084 year.
792 4032 848 4066 ee
869 4016 975 4067 Att.
1001 4018 1074 4069 iii.
1099 4022 1180 4082 20,
1209 4023 1256 4069 3.

614 4082 742 4143 quod
773 4084 945 4142 scripsi
981 4083 1154 4150 supra]
1234 4100 1304 4135 sc.
1340 4091 1552 4135 mortem.
1623 4084 1707 4135 He
1876 4085 2035 4133 oioero
2057 4086 2109 4134 S.
2132 4086 2220 4142 D„
2243 4083 2362 4151 ἀει]
2421 4084 2592 4135 Cicero
2613 4086 2826 4137 salutem
2839 4086 2967 4138 dicit

546 4145 704 4224 refer·
725 4151 779 4196 to
800 4145 886 4197 the
907 4149 1069 4198 words
1083 4149 1254 4211 above,
1280 4151 1433 4200 vitam
1467 4184 1481 4197 .
1520 4187 1534 4200 .
1575 4187 1589 4200 .
1624 4151 1705 4200 ab·
1808 4147 1869 4205 Q.
1905 4148 2120 4200 Caecilio
2152 4147 2330 4206 Quinti
2360 4148 2467 4201 filio
2498 4150 2836 4216 Pomponiano
2868 4153 2961 4203 At·

619 4279 665 4353 β.
685 4246 983 4389 &roien-tum]
1056 4280 1192 4329 ‘cast
1219 4278 1458 4357 awayssna
1477 4295 1568 4329 vox
1580 4294 1703 4341 pro·
1804 4218 1921 4326 nel':
1964 4278 2097 4335 Quod
2131 4281 2320 4342 quidem
2356 4281 2434 4329 ita
2469 4295 2563 4329 em
2653 4279 2763 4331 The
2799 4282 2964 4359 words

542 4357 665 4403 prta
712 4356 769 4390 or
789 4341 971 4390 exiles:
1009 4343 1077 4393 cf.
1105 4344 1201 4395 Ov.
1224 4343 1371 4395 Pont.
1396 4359 1452 4395 u.
1479 4347 1526 4407 3,
1550 4347 1632 4406 30,
1803 4341 1939 4417 refer
1957 4347 2011 4393 to
2030 4342 2118 4419 the
2138 4350 2522 4408 superscnption
2616 4344 2705 4395 the
2723 4345 2887 4407 letter,
2909 4363 2966 4396 m

683 4438 755 4480 vix
772 4437 862 4479 duo
874 4440 1069 4489 pm'ecto
1085 4447 1232 4485 tresve
1247 4444 1413 4487 tulistis
1429 4458 1575 4497 opem.
1805 4406 2186 4523 ἶῖιξωξωῗωῶῗῒ
2209 4409 2967 4526 Ἑζνᾚώξὴοέῃὲἔέἕὲξθὴὲἔ

610 4525 746 4591 istic]
811 4523 869 4575 in
900 4524 1070 4578 Rome.
1139 4529 1224 4581 ‘If
1253 4546 1355 4596 you
1385 4532 1535 4584 think
1563 4531 1705 4586 there
1806 4535 1937 4599 died,
1973 4537 2211 4605 adopting
2244 4539 2446 4591 Atticm
2481 4538 2537 4590 in
2574 4538 2657 4591 his
2693 4538 2821 4599 viu.
2864 4542 2967 4592 and
