3229 5145
890 486 1034 551 ΕΡ.
1081 485 1253 551 XII.
1308 486 1464 570 (DE
1502 487 1708 552 PET.
1765 486 2046 573 CONS.)
2548 484 2673 549 165

372 657 580 726 VIII.
655 660 761 724 29.
831 659 1047 731 Quam
1103 659 1186 726 ob
1242 682 1379 726 rem
1437 682 1658 726 omnes
1714 660 2032 727 centurias
2088 657 2309 725 multis
2366 662 2431 723 et
2483 657 2677 723 variis

284 764 581 830 amicitiis
622 786 774 829 cura
813 767 890 829 ut
928 763 1330 829 confirmatas
1370 763 1623 830 habeas.
1712 764 1806 830 Et
1848 764 2149 851 primum,
2193 763 2264 829 id
2307 762 2481 848 quod
2521 764 2671 826 ante

285 867 501 932 oculos
556 871 672 947 est,
731 870 1051 933 senatores
1108 868 1475 953 equitesque
1536 867 1883 947 Romanos,
1956 872 2307 933 ceterorum
2379 864 2679 931 ordinum

283 992 484 1035 navos
531 969 822 1035 homines
864 974 929 1035 et
976 970 1285 1056 gratiosos
1335 971 1764 1056 complectere.
1856 969 2058 1036 Multi
2105 969 2397 1035 homines
2446 966 2680 1034 urbani

284 1073 607 1150 industrii,
652 1073 844 1139 multi
880 1073 1164 1140 libertini
1201 1075 1272 1139 in
1320 1074 1458 1139 foro
1498 1074 1765 1160 gratiosi
1808 1073 2084 1159 navique
2124 1076 2475 1152 versantur,
2522 1093 2682 1158 quos

284 1197 401 1262 per
442 1181 527 1256 te,
567 1199 727 1262 quos
763 1199 878 1262 per
917 1198 1282 1243 communes
1324 1177 1576 1258 amicos,
1619 1178 1792 1263 quod
1830 1178 2084 1263 poteris,
2121 1199 2372 1242 summa
2414 1198 2566 1241 cura
2605 1179 2680 1240 ut

285 1280 505 1366 cupidi
547 1280 647 1345 tui
696 1281 828 1345 sint
873 1279 1217 1360 elaborate,
1264 1280 1567 1367 appetito,
1610 1280 1930 1365 adlegat0,
1975 1301 2223 1345 summo
2265 1278 2573 1345 beneficio
2615 1282 2683 1344 te

286 1383 477 1448 adfici
520 1382 854 1448 ostendite.
945 1384 1049 1448 30.
1094 1382 1349 1448 Deinde
1392 1382 1624 1449 habeto
1667 1384 1982 1450 rationem
2025 1382 2201 1449 urbis
2241 1382 2460 1460 totius,
2493 1381 2680 1448 colle-

286 1486 542 1571 giorum
581 1487 888 1566 omnium,
917 1509 1251 1573 pagorum,
1283 1486 1711 1553 vicinitatum.
1798 1486 1907 1552 Ex
1944 1487 2025 1552 iis
2062 1486 2378 1572 principes
2407 1486 2491 1550 ad
2519 1485 2677 1550 ami-

286 1590 506 1655 citiam
548 1593 730 1655 tuam
763 1577 830 1655 ‘si
872 1590 1261 1670 adiunxeris,
1304 1612 1419 1676 per
1460 1613 1567 1657 eos
1608 1591 1922 1675 reliquam
1963 1589 2448 1655 multitudinem
2492 1588 2681 1653 facile

283 1692 548 1759 tenebis.
669 1692 902 1759 Postea
963 1698 1168 1760 totam
1232 1692 1495 1759 Italiam
1553 1695 1653 1759 fac
1709 1697 1784 1759 ut
1842 1694 1913 1759 in
1972 1693 2186 1759 animo
2244 1716 2318 1758 ac
2375 1692 2681 1758 memoria

284 1794 583 1862 tributim
622 1796 992 1884 discriptam
1032 1819 1591 1883 comprensamque
1621 1796 1875 1876 habeas,
1906 1819 1989 1863 ne
2026 1795 2199 1882 quod
2236 1794 2679 1882 municipium,

285 1899 619 1979 coloniam,
680 1899 1165 1986 praefecturam,
1227 1901 1436 1966 locum
1493 1901 1770 1987 denique
1828 1900 2062 1966 Italiae
2132 1922 2215 1965 ne
2286 1922 2479 1985 quem
2550 1920 2682 1963 esse

283 2003 530 2089 patiare
586 2004 678 2100 in·
715 2026 841 2090 quo
897 2026 1027 2069 non
1084 2003 1321 2070 habeas
1375 2004 1765 2070 firmamenti
1822 2005 1993 2090 quod
2058 2003 2212 2069 satis
2253 2025 2386 2068 esse
2442 2002 2680 2088 possit;

285 2110 392 2173 31.
439 2107 768 2193 perquiras
805 2108 1001 2174 etiam
1030 2112 1095 2174 et
1121 2108 1465 2194 investiges
1493 2106 1783 2173 homines
1819 2131 1901 2173 ex
1939 2108 2116 2174 omni
2150 2107 2413 2194 regione
2452 2128 2682 2192 eosque

286 2232 644 2297 cognoscas,
696 2214 978 2298 appetas,
1027 2212 1377 2292 confirmes,
1423 2234 1620 2290 cures,
1669 2217 1744 2277 ut
1793 2211 1862 2276 in
1909 2212 2039 2276 suis
2083 2208 2519 2275 vicinitatibus
2561 2208 2683 2275 tibi

285 2317 513 2400 petant
558 2317 624 2380 et
665 2317 781 2380 tua
831 2337 1020 2381 causa
1060 2316 1245 2402 quasi
1290 2314 1614 2382 candidati
1655 2315 1805 2380 sint.
1895 2312 2137 2382 Volent
2178 2319 2244 2379 te
2287 2314 2582 2391 amicum,
2627 2313 2683 2378 si

287 2438 470 2482 suam
507 2441 547 2483 a
583 2423 649 2483 te
688 2418 1037 2484 amicitiam
1065 2418 1278 2506 expeti
1308 2418 1635 2485 videbunt.
1726 2416 1814 2483 Id
1853 2421 1927 2482 ut
1964 2416 2365 2504 intellegant,
2397 2417 2681 2481 oratione

288 2543 384 2602 ea,
413 2543 577 2607 quae
606 2522 691 2587 ad
718 2544 861 2588 eam
886 2523 1200 2589 rationem
1226 2521 1524 2609 pertinet,
1555 2520 1853 2588 habenda
1879 2542 2275 2607 consequere.
2360 2517 2682 2585 Homines

287 2625 705 2711 municipales
754 2648 828 2690 ac
877 2626 1202 2706 rusticani,
1254 2627 1308 2692 si
1349 2625 1534 2692 nobis
1580 2625 1861 2704 nomine⁴
1886 2624 2025 2690 noti
2072 2628 2242 2704 sunt,
2286 2625 2357 2690 in
2401 2623 2683 2689 amicitia

286 2750 420 2793 esse
458 2750 524 2794 se
564 2727 993 2795 arbitrantur:
1039 2729 1095 2794 si
1123 2751 1271 2795 vero
1311 2730 1506 2795 etiam
1544 2728 1846 2816 praesidii
1886 2751 1952 2794 se
1995 2728 2241 2814 aliquid
2283 2727 2404 2793 sibi
2451 2727 2681 2792 consti-

285 2835 468 2897 tuere
499 2835 752 2918 putant,
782 2853 913 2897 non
943 2833 1251 2899 amittunt
1281 2834 1672 2899 occasionem
1709 2832 2132 2919 promerendi.
2222 2831 2369 2898 Hos
2396 2831 2587 2898 ceteri
2617 2835 2682 2897 et

284 2934 564 3000 maxime
608 2935 709 3000 tui
746 2936 1202 3022 competitores,
1232 2960 1316 3003 ne
1353 2942 1593 3002 norunt
1634 2936 1931 3022 quidem:
1977 2942 2053 3002 tu
2091 2939 2157 3001 et
2199 2935 2369 3001 nosti
2399 2941 2464 3000 et
2492 2934 2681 3000 facile

285 3059 641 3124 cognosces,
670 3037 808 3104 sine
836 3061 963 3124 quo
992 3040 1274 3106 amicitia
1303 3062 1435 3106 esse
1469 3063 1599 3106 non
1640 3046 1865 3126 potest.
1957 3041 2061 3105 32.
2106 3038 2336 3124 Neque
2363 3036 2433 3103 id
2460 3041 2680 3103 tamen

285 3141 440 3205 satis
481 3146 595 3222 est,
634 3142 893 3207 tametsi
929 3163 1241 3227 magnum
1287 3148 1401 3223 est,
1444 3143 1500 3209 si
1547 3166 1681 3209 non
1725 3147 2147 3229 consequatur
2191 3164 2333 3227 spes
2377 3140 2680 3207 utilitatis

284 3248 479 3330 atque
524 3245 860 3325 amicitiae,
911 3267 994 3311 ne
1043 3247 1478 3314 nomenclator
1520 3247 1747 3327 solum,
1794 3248 1906 3313 sed
1952 3246 2190 3312 amicus
2233 3245 2428 3310 etiam
2470 3243 2678 3310 bonus

284 3369 419 3412 esse
466 3348 739 3414 videare.
828 3347 940 3414 Ita
990 3370 1134 3414 cum
1185 3354 1250 3415 et
1297 3349 1412 3415 hos
1461 3351 1650 3437 ipsos,
1705 3355 1963 3437 propter
2020 3372 2200 3415 suam
2258 3346 2675 3415 ambitionem

285 3451 398 3535 qui
437 3452 610 3537 apud
640 3451 907 3517 tribules
944 3474 1089 3518 suos
1127 3453 1475 3538 plurimum
1514 3455 1726 3541 gratia
1760 3458 2044 3540 possunt,
2076 3453 2386 3518 studiosos
2421 3453 2493 3517 in
2529 3474 2675 3518 cen-

282 3555 472 3619 turiis
499 3552 778 3636 habebis,
809 3561 874 3621 et
901 3559 1157 3635 ceteros,
1188 3556 1300 3641 qui
1327 3558 1502 3643 apud
1532 3558 1816 3642 aliquam
1844 3561 2092 3643 partem
2122 3554 2458 3622 tribulium
2484 3577 2674 3641 prop-

284 3662 385 3724 ter
426 3658 758 3744 municipii
801 3664 914 3725 aut
942 3659 1290 3725 vicinitatis
1336 3663 1449 3725 aut
1496 3660 1751 3748 collegii
1791 3661 2106 3726 rationem
2143 3660 2381 3739 valent,
2413 3658 2675 3745 cupidos

350 3846 431 3893 29.
467 3859 684 3907 quoeper
706 3844 772 3912 to]
840 3844 868 3895 1
889 3845 1018 3896 have
1046 3844 1256 3896 inserted
1284 3860 1428 3900 ouon
1596 3863 1726 3896 mun.
1762 3849 1846 3895 col.
1874 3845 2062 3910 prae-fi]
2132 3846 2224 3897 See
2251 3848 2490 3896 Addenda
2520 3852 2566 3895 to
2598 3847 2676 3895 the

284 3907 454 3983 before
487 3912 688 3985 poteris,
734 3909 902 3960 which
944 3918 1043 3960 sets
1090 3911 1176 3960 the
1230 3917 1430 3961 context
1534 3914 1874 3974 Commentary,
1900 3917 2017 3962 note
2042 3915 2085 3961 1.

283 3973 434 4047 right.
508 3976 629 4031 Quos
654 3990 698 4023 is
727 3977 974 4038 governed
1002 3975 1072 4040 by
1094 3976 1344 4039 elaborato,
1376 3992 1431 4025 as
1596 3981 1674 4025 31.
1712 3977 1755 4024 εἰ
1776 3974 1906 4042 vero]
1993 3975 2066 4025 ‘if
2098 3974 2221 4039 they
2254 3974 2402 4024 think
2434 3973 2555 4039 they
2592 3992 2676 4026 are

286 4038 371 4086 1200
396 4053 450 4087 m
482 4035 505 4101 ξ
543 4041 617 4087 18.
687 4038 786 4127 For,-
813 4042 938 4103 quod
959 4044 1144 4101 poteris
1170 4062 1213 4115 ‡'''·
1240 4045 1323 4091 ‘so
1351 4040 1432 4091 far
1530 4041 1735 4105 gaining
1754 4057 1785 4090 a
1805 4040 2076 4105 protection
2096 4040 2177 4090 for
2196 4039 2527 4116 themselves?

284 4118 477 4243 232¹?
496 4118 615 4230 23⁰3,
634 4102 760 4218 ῗέῗ
800 4119 922 4218 Τῗί
950 4104 1163 4233 {3433
1165 4109 1429 4220 ¹{a24130213
1530 4109 1904 4221 caffssrtffffffz‘g
1919 4104 2544 4234 mgxztbz‘m'zgffl
2586 4103 2677 4219 s‘ss

281 4232 695 4347 ἒῗὲισωῖεταίκρωδ
754 4232 840 4282 the
866 4234 992 4348 etc-ld„
1017 4249 1149 4347 sogne
1161 4234 1430 4349 X‘finwgom
1528 4236 1641 4348 011εῇ
1673 4240 1716 4296 1,
1742 4237 1840 4349 αξξ
1866 4237 2310 4285 adolescentulorum
2331 4236 2396 4283 ad
2415 4234 2679 4282 amicitiam

472 4312 617 4346 rewn
739 4313 868 4347 esen
921 4314 1024 4348 nce.
1099 4315 1154 4349 ee
1278 4337 1289 4348 .
1344 4316 1425 4348 n.
1531 4316 1663 4349 aeae
1826 4337 1837 4349 .

352 4363 430 4409 30.
468 4362 687 4411 tributim
721 4363 893 4428 dison]
960 4370 1021 4412 ‘a
1053 4363 1138 4413 list
1181 4362 1234 4412 in
1265 4363 1430 4414 which
1587 4300 1789 4427 prcpier
1810 4365 2063 4425 municipii
2089 4399 2101 4412 .
2129 4399 2141 4411 .
2170 4399 2181 4410 .
2208 4361 2464 4427 rationem]
2537 4362 2681 4412 ‘who

286 4424 407 4475 each
429 4432 564 4476 town
587 4426 639 4476 in
663 4425 798 4491 Italy
813 4426 857 4476 is
880 4429 1076 4478 entered
1099 4429 1360 4494 according
1382 4437 1433 4480 to
1531 4429 1663 4479 from
1684 4446 1785 4495 any
1806 4427 2187 4480 consideratione
2208 4427 2428 4477 founded
2456 4442 2521 4477 on
2552 4427 2683 4477 their

283 4489 369 4538 the
398 4490 523 4540 tribe
551 4497 603 4543 to
627 4491 790 4543 which
819 4492 860 4542 it
881 4492 1148 4558 belonged'
1174 4492 1351 4559 (Marq.
1387 4494 1420 4544 i.
1533 4494 1893 4558 municipality,
1920 4510 1975 4545 or
2004 4492 2423 4556 neighbourhood,
2445 4507 2503 4542 or
2521 4508 2678 4543 mem·

284 4556 387 4619 41.)
1535 4558 1731 4624 bership
1755 4559 1809 4611 of
1829 4575 1859 4610 a
1881 4558 2010 4620 club,
2038 4557 2165 4611 have
2188 4555 2468 4609 influence.’
