3229 5145
1030 487 1174 553 ΕΡ.
1222 489 1452 555 XXV.
1507 489 1739 572 (ΔΤΥ.
1789 490 1846 552 J.
1899 492 2029 571 19.)
2603 486 2730 549 229

321 661 706 728 videremur.
798 660 977 733 Quid
1006 661 1180 728 enim
1209 684 1330 749 ego
1359 661 1633 728 aliorum
1660 662 1730 726 in
1761 684 1862 728 me
1885 663 2324 751 ἐπιφωνῇματα
2347 662 2726 745 exspectem,

322 787 470 832 cum
496 765 656 832 haec
686 765 862 831 domi
902 770 1249 831 nascantur
1265 766 1297 830 Ρ
1385 768 1448 830 4.
1495 764 1809 831 Urbanae
1845 768 2062 830 autem
2098 785 2200 829 res
2234 762 2324 828 sic
2361 785 2428 828 se
2466 760 2730 828 habent.

325 869 611 955 Agraria
658 868 767 933 lex
813 890 854 933 a
900 867 1131 934 Flavio
1180 868 1440 935 tribuno
1484 869 1575 955 pl.
1607 869 2017 935 vehementer
2057 864 2429 954 agitabatur
2477 869 2736 932 auctore

324 971 656 1059 Pompeio,
688 994 854 1057 quae
884 971 1051 1037 nihil
1078 972 1387 1058 populare
1423 971 1703 1039 habebat
1740 975 1995 1057 praeter
2033 975 2378 1036 auctorem.
2468 967 2578 1035 Ex
2613 968 2736 1035 hac

323 1099 444 1163 ego
481 1075 629 1163 lege
668 1076 948 1142 secunda
985 1075 1301 1141 contionis
1330 1076 1661 1141 voluntate
1691 1075 1911 1141 omnia
1945 1075 2064 1140 ina
2097 1072 2425 1153 tollebam,
2456 1095 2620 1158 quae
2648 1073 2736 1139 ad

323 1180 722 1265 privatorum
749 1179 1233 1244 incommodum
1258 1178 1705 1265 pertinebant:
1752 1177 2107 1245 liberabam
2144 1199 2377 1265 agrum
2416 1198 2586 1257 eum,
2616 1177 2733 1261 qui

324 1281 400 1348 P.
433 1282 655 1348 Mucio
708 1281 787 1348 L.
822 1281 1173 1368 Calpurnio
1224 1281 1590 1348 consulibus
1639 1281 1936 1368 publicus
1988 1281 2257 1347 fuisset:
2319 1279 2736 1347 Sullanorum

323 1385 663 1452 hominum
717 1385 1139 1472 possessiones
1191 1385 1647 1452 confirmabam
1679 1409 1695 1451 ε
1750 1385 2208 1452 Volaterranos
2258 1390 2325 1450 et
2372 1382 2734 1465 Arretinos,

324 1512 600 1577 quorum
629 1512 864 1576 agrum
892 1488 1078 1555 Sulla
1105 1488 1465 1575 publicarat
1492 1512 1703 1576 neque
1733 1490 2056 1569 diviserat,
2086 1490 2159 1554 in
2191 1511 2308 1554 sua
2342 1487 2736 1576 possessione

324 1591 723 1661 retinebam:
768 1615 970 1659 unam
998 1594 1313 1660 rationem
1341 1616 1473 1660 non
1500 1592 1885 1672 reiiciebam,
1915 1596 1993 1658 ut
2022 1615 2179 1679 ager
2213 1591 2333 1657 hac
2372 1591 2735 1657 adventicia

322 1697 597 1784 pecunia
639 1702 977 1778 emeretur,
1029 1720 1195 1784 quae
1237 1720 1320 1764 ex
1362 1697 1547 1764 novis
1590 1696 2019 1785 vectigalibus
2060 1718 2176 1782 per
2217 1694 2735 1782 quinquennium

322 1801 732 1887 reciperetur.
822 1800 1005 1867 Huic
1042 1801 1166 1867 toti
1203 1802 1442 1867 rationi
1481 1802 1773 1888 agrariae
1803 1805 2064 1867 senatus
2091 1797 2566 1878 adversabatur,
2598 1821 2733 1865 sus-

323 1904 545 1990 'picans
590 1903 899 1990 Pompeio
943 1926 1179 1970 novam
1227 1906 1577 1991 quamdam
1626 1904 1987 1993 potentiam
2038 1904 2276 1991 quaeri.
2385 1901 2735 1989 Pompeius

323 2029 476 2073 vero
530 2007 616 2073 ad
664 2007 1066 2074 voluntatem
1121 2008 1539 2094 preferendae
1594 2008 1761 2097 legis
1818 2008 2214 2075 incubuerat.
2305 2006 2455 2094 Ego
2514 2010 2732 2073 autem

323 2131 567 2198 magna
613 2133 760 2177 cum
803 2112 1203 2199 agrariorum
1246 2114 1461 2200 gratia
1502 2112 1963 2179 confirmabam
2002 2112 2295 2179 omnium
2332 2111 2734 2197 privatorum

324 2214 888 2301 possessionebis
930 2216 1105 2282 enim
1150 2221 1248 2283 est
1285 2221 1502 2283 noster
1543 2217 1862 2284 exercitus
1898 2216 2256 2296 hominum,
2300 2219 2377 2281 ut
2410 2218 2552 2281 tute
2590 2213 2733 2295 scis,

325 2316 1088 2405 locupletium—populo
1135 2323 1352 2386 autem
1403 2328 1469 2387 et
1515 2320 2088 2407 Pompeio—nam
2136 2319 2207 2384 id
2264 2339 2517 2404 quoque
2559 2316 2733 2382 vole-

326 2419 723 2487 bam—satis
765 2421 1081 2488 faciebam
1124 2423 1467 2509 emptione,
1527 2446 1658 2510 qua
1699 2424 2049 2490 constituta
2093 2423 2439 2509 diligenter
2481 2424 2547 2487 et
2589 2442 2732 2487 sen-

326 2524 537 2591 tinam
587 2523 764 2591 urbis
821 2524 1148 2594 exhauriri
1203 2532 1270 2594 et
1329 2526 1565 2594 Italiae
1623 2526 2044 2594 solitudinem
2100 2525 2495 2612 frequentari
2535 2522 2735 2610 'posse

324 2626 704 2695 arbitrabar.
794 2627 925 2696 Sed
962 2630 1119 2697 haec
1161 2636 1299 2698 tota
1340 2654 1443 2698 res
1480 2632 1892 2718 interpellata
1928 2630 2100 2698 bello
2137 2629 2497 2696 refrixerat.
2588 2627 2732 2695 Me-

324 2731 520 2798 tellus
562 2738 659 2798 est
700 2734 921 2799 oonqu
964 2756 1116 2801 sane
1158 2734 1366 2802 bonus
1396 2740 1463 2803 et
1490 2758 1608 2802 nos
1650 2736 2001 2802 admodum
2043 2734 2280 2822 diligit.
2398 2731 2526 2799 me
2568 2731 2734 2798 alter

326 2835 518 2902 nihili
559 2838 655 2902 ita
694 2843 808 2919 est,
839 2841 916 2904 ut
951 2839 1144 2925 plane
1184 2841 1343 2926 quid
1377 2840 1606 2907 emerit
1644 2840 1906 2907 nesciat.
1996 2843 2057 2906 5.
2105 2838 2294 2905 Haec
2339 2842 2493 2904 sunt
2539 2837 2612 2902 in
2662 2859 2733 2904 re

324 2937 604 3025 publica,
634 2941 762 3006 nisi
794 2942 991 3008 etiam
1018 2942 1185 3009 illud
1215 2945 1301 3011 ad
1328 2967 1465 3010 rem
1502 2943 1832 3031 publicam
1869 2947 2061 3031 putas
2099 2943 2439 3029 pertinere,
2472 2939 2730 3008 Heren-

324 3042 510 3108 nium
556 3044 920 3129 quemdam‚
980 3046 1313 3114 tribunum
1371 3049 1485 3134 pl.,
1546 3047 1853 3114 tribulem
1921 3051 2130 3126 tuum,
2191 3068 2344 3112 sane
2400 3045 2733 3111 hominem

326 3167 608 3232 nequam
664 3151 860 3233 atque
917 3154 1233 3236 egentem,
1293 3173 1482 3239 saepe
1540 3153 1675 3218 iam
1732 3152 1814 3217 de
1873 3150 1949 3216 P.
2014 3150 2240 3217 Clodio
2316 3150 2401 3216 ad
2475 3148 2730 3236 plebem

396 3387 443 3434 3.
492 3386 995 3453 ἐπιφωνήματα]
1067 3388 1233 3454 ‘why,
1280 3388 1471 3453 indeed,
1578 3390 1675 3454 Ep.
1701 3389 1792 3439 xii.
1829 3391 1910 3439 42.

329 3448 506 3499 should
530 3449 557 3498 I
580 3450 695 3500 look
724 3450 805 3500 for
834 3450 919 3500 the
947 3453 1111 3502 bravoe
1131 3454 1185 3503 of
1205 3454 1478 3518 foreigners
1642 3453 1967 3518 agrariorum]
2030 3455 2246 3516 Ayrarii
2267 3453 2322 3504 in
2345 3451 2516 3503 Cicero
2543 3456 2726 3516 ahoays

330 3513 477 3563 when
516 3513 544 3563 1
584 3514 712 3564 have
746 3515 870 3565 such
901 3532 933 3565 a
963 3517 1143 3583 supply
1175 3526 1229 3569 at
1259 3518 1471 3570 homeP’
1575 3535 1745 3569 means
1772 3519 1857 3570 tho
1885 3533 2019 3569 same
2049 3535 2104 3568 as
2132 3521 2392 3582 ayripetae,
2418 3534 2472 3569 so
2493 3534 2571 3568 we
2593 3523 2728 3568 must

331 3577 437 3628 The
473 3581 609 3628 word
654 3581 1004 3643 ἑτιφωνήματα
1046 3583 1089 3631 is
1130 3584 1281 3634 taken
1319 3584 1373 3633 in
1409 3583 1476 3634 its
1576 3585 1692 3634 here
1713 3585 1890 3634 render
1916 3586 1929 3610 ‘
1946 3583 2096 3634 while
2117 3584 2418 3648 thoroughly
2439 3583 2726 3647 preserving

331 3643 668 3718 grammatical
705 3661 845 3695 sense
884 3646 940 3695 of
982 3650 995 3674 ‘
1014 3663 1081 3696 an
1121 3647 1472 3712 interjection,’
1573 3649 1662 3699 the
1683 3650 1810 3713 good
1833 3648 1936 3699 will
1962 3648 2018 3699 of
2041 3648 2128 3699 the
2153 3649 2428 3712 applicante
2454 3648 2535 3698 for
2556 3655 2726 3711 granta

330 3708 432 3758 hke
477 3715 561 3756 tua
605 3710 881 3773 ἐκφῶνησις
926 3714 1113 3776 ὑπερεῢ,
1157 3717 1170 3739 ‘
1189 3730 1315 3778 your
1351 3713 1476 3764 ories
1574 3714 1631 3764 of
1649 3714 1803 3764 land!
1875 3713 2039 3765 These
2060 3730 2190 3765 were
2211 3713 2394 3779 chiefly
2414 3713 2500 3765 the
2521 3713 2725 3764 soldier-s

330 3773 385 3823 of
416 3772 597 3823 bravo’
624 3774 678 3823 in
700 3777 806 3825 Att.
828 3792 880 3825 x.
908 3779 952 3837 1,
982 3780 1027 3825 3.
1574 3779 1631 3828 of
1651 3778 1931 3843 Pompeius.

397 3841 446 3886 4.
495 3839 771 3915 fiberabana]
862 3847 875 3869 ⁴
896 3840 924 3890 Ι
968 3857 1071 3890 was
1112 3841 1203 3892 for·
1234 3842 1478 3909 releasing
1641 3846 1940 3893 solitudinem
2027 3845 2093 3894 τὰ
2125 3846 2341 3895 πλεῖστα
2382 3845 2475 3902 τῆς
2515 3842 2730 3895 Ἰταλίας

330 3901 460 3953 from
492 3909 556 3953 lte
583 3913 865 3967 operatlon3
885 3904 900 3930 ⁹
936 3922 991 3955 80
1011 3906 1096 3956 the
1125 3907 1266 3957 other
1290 3907 1473 3972 imper·
1575 3909 1870 3973 ἠρημωμένα
1889 3929 1920 3960 α
1981 3930 2023 3961 ις
2044 3908 2339 3972 συνφκίζετο
2371 3907 2486 3957 Dio.
2510 3906 2725 3958 mviii.

329 3967 456 4018 fecte
478 3967 532 4017 in
552 3967 653 4018 this
674 3974 920 4019 sentence.
1582 3977 1628 4023 1.

408 4034 758 4099 Volaterranos]
824 4035 916 4084 See
930 4051 1025 4096 pro
1047 4037 1170 4085 dom.
1198 4037 1277 4089 79.
1645 4041 1765 4102 quid
1781 4042 1944 4089 eruerit
1967 4037 2170 4103 nesciat]
2237 4036 2359 4086 This
2390 4036 2434 4086 is
2466 4052 2497 4086 a
2515 4037 2725 4100 proverb

398 4097 655 4163 rationem]
725 4099 939 4150 ‘section
961 4100 1015 4149 of
1035 4100 1121 4151 the
1142 4102 1260 4152 act-⁹
1579 4103 1871 4168 equivalent
1894 4111 1947 4155 to
1976 4120 2067 4154 our
2098 4102 2298 4167 hemely
2330 4101 2612 4164 expression
2646 4105 2660 4129 ‘
2674 4107 2728 4151 to

386 4169 451 4236 'ut
490 4161 627 4276 wer}
710 4163 832 4238 fthe
869 4165 1109 4228 purchase
1146 4165 1201 4216 of
1238 4166 1324 4217 the
1361 4166 1480 4218 land
1579 4169 1687 4233 buy
1714 4185 1745 4218 a
1775 4168 1863 4233 pig
1894 4168 1948 4218 in
1980 4185 2011 4219 a
2041 4168 2207 4231 poke.'
2293 4165 2460 4215 When
2490 4164 2730 4215 Afranius

336 4225 460 4275 vnth
485 4227 572 4277 the
626 4242 794 4290 orcign
823 4245 1039 4280 revcnue
1061 4231 1258 4296 coming
1285 4232 1368 4281 for
1396 4232 1481 4282 the
1582 4235 1754 4297 bouqht
1778 4233 1861 4284 the
1882 4232 2130 4283 consulshi
2198 4233 2272 4296 (as
2294 4246 2370 4281 we
2391 4231 2540 4279 know
2560 4230 2624 4280 he
2646 4230 2732 4279 did

332 4295 455 4340 next
490 4291 589 4341 five
624 4307 766 4356 years
798 4293 928 4344 from
965 4295 1049 4345 the
1084 4313 1197 4347 new
1233 4296 1481 4362 tributary
1580 4299 1715 4348 from
1735 4298 1840 4347 Att.
1867 4297 1902 4345 i.
1933 4301 2008 4359 16,
2039 4299 2117 4360 12)
2179 4313 2206 4346 e
2228 4296 2312 4346 did
2334 4301 2422 4345 not
2453 4295 2601 4344 know
2621 4294 2733 4345 that

337 4360 488 4405 states
502 4356 514 4374 ²
555 4357 611 4420 (i.
626 4373 665 4405 e.
704 4356 790 4407 the
824 4364 975 4410 states
1014 4360 1180 4411 which
1218 4361 1484 4425 Pompeius
1583 4363 1665 4412 his
1699 4362 1972 4412 fcobleness
2005 4362 2169 4411 would
2201 4367 2411 4425 prevent
2452 4360 2558 4409 him
2600 4359 2732 4408 from

335 4418 435 4469 had
464 4422 606 4471 made
638 4421 886 4489 tributary
921 4423 990 4489 by
1023 4425 1104 4474 his
1137 4433 1398 4491 conquesta
1429 4426 1487 4476 in
1586 4426 1796 4541 ωεὼιιί
1821 4442 1923 4491 any
1955 4442 2043 4477 use
2075 4425 2131 4476 οἳ
2162 4426 2243 4476 his
2276 4425 2533 4489 purchase.
2624 4424 2732 4474 The

334 4484 422 4534 the
460 4484 630 4561 East);
680 4493 736 4535 ut
771 4495 1005 4538 emeretur
1040 4489 1085 4539 is
1118 4491 1205 4540 the
1243 4493 1487 4556 definitive
1585 4507 1763 4556 prover
1856 4489 1900 4541 is
1959 4491 2118 4542 found
2177 4492 2233 4541 in
2293 4490 2406 4540 Ter.
2470 4490 2603 4540 Eun.
2658 4488 2730 4540 iv.

334 4548 658 4615 subjunctive
701 4550 825 4602 with
870 4559 923 4603 ut
967 4557 1273 4606 commented
1316 4572 1383 4607 on
1431 4555 1489 4605 in
1587 4561 1637 4617 4,
1676 4559 1755 4606 23.
