3229 5145
559 490 686 555 356
1245 490 1392 554 ΕΡ.
1437 489 1661 557 LXV.
1713 487 1947 573 (ΔΤΥ.
1975 487 2123 553 ΙΙΙ.
2158 488 2248 573 9.)

560 663 820 730 datione
856 667 1228 729 commotus.
1337 660 1539 728 Cuius
1582 662 1758 728 enim
1801 661 2032 728 scelere
2070 661 2336 748 impulsi
2370 683 2446 727 ac
2486 660 2729 747 proditi
2765 661 2974 729 simus

559 766 691 832 iam
736 767 1017 853 profecto
1060 766 1258 847 vides,
1306 770 1501 852 atque
1549 766 1805 832 utinam
1849 766 1984 831 iam
2014 769 2168 831 ante
2203 764 2469 830 vidisses
2505 787 2718 850 neque
2753 767 2971 832 totum

558 871 851 936 animum
888 874 1076 936 tuum
1105 870 1378 936 maerori
1405 891 1657 935 mecum
1691 869 1885 935 simul
1913 869 2229 935 dedisses!
2341 866 2493 940 Qua
2534 891 2623 947 re,
2668 891 2817 935 cum
2859 891 2972 936 me

557 974 889 1039 adflictum
918 979 984 1039 et
1011 975 1369 1040 confectum
1395 973 1578 1039 luctu
1616 972 1856 1053 audies,
1904 972 2268 1039 existimato
2299 994 2403 1037 me
2437 971 2758 1038 stultitiae
2785 994 2970 1039 mem

553 1098 826 1163 poenam
847 1077 1013 1143 ferre
1041 1077 1304 1164 gravius
1330 1098 1526 1163 quam
1555 1076 1791 1155 eventi,
1837 1076 2012 1162 quod
2053 1076 2113 1141 ei
2150 1075 2547 1156 crediderim,
2589 1097 2786 1161 quem
2827 1099 2970 1143 esse

551 1180 875 1246 nefarium
931 1203 1063 1245 non
1121 1180 1424 1266 putarim.
1515 1179 1631 1246 Me
1689 1184 1757 1245 et
1814 1201 2104 1246 meorum
2159 1178 2481 1245 malorum
2533 1179 2848 1246 memoria
2897 1186 2968 1247 et

552 1289 762 1350 metus
807 1284 888 1350 de
939 1283 1138 1350 fratre
1189 1284 1262 1349 in
1312 1281 1644 1349 scribendo
1696 1283 1987 1367 impedit.
2096 1281 2203 1348 Tu
2258 1282 2385 1347 ista
2430 1282 2650 1348 omnia
2695 1282 2850 1350 vide
2898 1288 2970 1351 et

551 1386 858 1474 guberna.
949 1386 1253 1454 Terentia
1278 1387 1401 1454 tibi
1429 1387 1748 1452 maximas
1776 1386 2019 1473 gratias
2050 1387 2207 1472 agit.
2299 1384 2702 1453 Litterarum
2741 1409 2967 1454 exem-

549 1491 752 1578 plum,
812 1513 973 1577 quas
1029 1493 1114 1557 ad
1163 1490 1549 1577 Pompeium
1608 1490 1850 1576 scripsi,
1919 1490 2072 1556 misi
2129 1488 2269 1556 tibi.
2390 1488 2570 1555 Data
2626 1510 2742 1555 1111
2799 1488 2962 1558 Kal.

551 1593 778 1661 Iunias
819 1593 1325 1661 Thessalonicae.

613 1909 832 1977 LXV.
922 1909 1038 1977 ΤΟ
1082 1908 1506 1991 ΑΤΤΙΟΠΒ,
1549 1931 1642 1976 ors
1673 1931 1788 1976 ms
1817 1931 1973 1976 wAY
2000 1930 2083 1975 'ro
2112 1908 2392 1977 Ganos
2441 1909 2637 1996 (A‘rr.
2669 1932 2776 1977 111.
2805 1912 2893 1996 s).

869 2152 1388 2209 THESSALONIGA,
1434 2155 1498 2196 A.
1532 2153 1598 2197 U.
1631 2153 1686 2196 C·
1719 2151 1850 2210 696;
1897 2152 1961 2196 B.
1993 2152 2047 2197 C.
2081 2150 2182 2212 68;
2230 2152 2382 2197 Ass'r.
2416 2152 2537 2196 010.
2568 2150 2654 2198 48.

649 2334 726 2386 Μ.
762 2334 933 2387 Cicero
962 2334 1134 2387 scribit
1162 2351 1287 2402 quas
1317 2335 1382 2387 ob
1413 2351 1585 2387 causas
1619 2334 1681 2392 Q..
1716 2334 1922 2386 fian-cm
1952 2351 2017 2387 ex
2047 2333 2170 2386 Asia
2198 2336 2430 2387 reducem
2461 2332 2719 2386 maluisset
2751 2334 2966 2386 Romam

552 2431 808 2482 properare
837 2432 989 2482 quam
1020 2417 1085 2468 ad
1115 2432 1168 2469 se
1199 2416 1384 2481 venire,
1420 2418 1482 2468 de
1512 2416 1703 2468 incerta
1732 2432 1818 2481 spe
1849 2432 1957 2480 sua,
1989 2418 2050 2467 de
2072 2415 2317 2480 Terentia,
2355 2417 2417 2468 de
2447 2415 2617 2468 fratris
2648 2416 2866 2482 negotio,
2904 2418 2972 2469 de

554 2497 807 2549 mansione
839 2514 930 2550 sua
961 2497 1354 2563 Thessalonicae,
1391 2499 1452 2549 de
1484 2497 1596 2549 aliis
1627 2498 1776 2549 rebus
1807 2498 2108 2549 domesticis.

1384 2698 1647 2754 CICERO
1681 2697 1943 2754 ATTICO
1981 2697 2135 2756 SAL.

690 2839 751 2906 1.
798 2837 1083 2909 Quintus
1128 2837 1331 2904 frater
1372 2859 1519 2904 cum
1561 2860 1642 2903 ex
1671 2836 1834 2904 Asia
1869 2836 2253 2903 discessisset
2297 2841 2449 2904 ante
2480 2836 2635 2904 Kal.
2681 2837 2844 2904 Mai.
2893 2843 2963 2906 et

557 2938 853 3006 Athenas
879 2942 1153 3007 venisset
1180 2939 1376 3021 Idib„
1406 2940 1595 3007 valde
1625 2940 1754 3007 fuit
1781 2942 1842 3007 ei
1870 2943 2365 3028 properandum,
2409 2964 2494 3007 ne
2537 2942 2695 3027 quid
2734 2941 2970 3010 absens

559 3044 867 3129 acciperet
923 3044 1325 3124 calamitatis,
1378 3046 1433 3109 si
1482 3045 1629 3131 quis
1673 3045 1840 3111 forte
1889 3045 2118 3112 fuisset
2171 3045 2285 3131 qui
2335 3048 2675 3111 contentus
2725 3046 2969 3112 nostris

557 3146 744 3212 malis
781 3169 913 3213 non
956 3153 1136 3214 esset.
1225 3148 1461 3234 Itaque
1497 3170 1646 3214 eum
1682 3147 1887 3214 malui
1926 3170 2271 3235 properare
2317 3147 2597 3214 Romam
2635 3170 2830 3234 quam
2877 3150 2967 3216 ad

558 3271 662 3315 me
690 3249 925 3331 venire,
971 3255 1037 3317 et
1065 3251 1555 3318 simul—dicam
1593 3252 1768 3317 enim
1798 3252 1971 3337 quod
1998 3273 2223 3318 verum
2261 3256 2378 3331 est,
2425 3273 2508 3316 ex
2535 3272 2665 3337 quo
2703 3252 2967 3337 magni-

558 3352 848 3419 tudinem
880 3354 1279 3420 miseriarum
1317 3376 1606 3421 mearum
1645 3355 1998 3441 perspicere
2035 3354 2615 3442 possis—animum
2658 3354 2968 3423 inducere

560 3478 693 3521 non
742 3457 945 3543 potui,
996 3461 1073 3523 ut
1117 3461 1233 3523 aut
1275 3457 1495 3537 illum,-
1539 3458 2056 3525 amantissimum
2095 3458 2246 3540 mei,
2298 3458 2673 3525 mollissimo
2719 3458 2966 3540 animo,

562 3563 745 3626 tanto
788 3560 860 3625 in
901 3583 1184 3627 maerore
1248 3562 1594 3648 aspicerem
1639 3566 1753 3627 aut
1793 3584 1970 3628 meas
2011 3561 2298 3628 miserias
2337 3562 2522 3628 luctu
2562 3560 2853 3628 adflictas
2897 3567 2967 3630 et

564 3662 883 3752 perditam
909 3664 1233 3730 fortunam
1260 3664 1360 3731 illi
1388 3665 1686 3732 offerrem
1715 3668 1830 3731 aut
1856 3665 1940 3733 ab
1975 3665 2089 3733 illo
2132 3665 2331 3753 aspici
2357 3669 2630 3753 paterer.
2737 3662 2968 3751 Atque

639 3869 786 3916 Cuius
805 3864 929 3912 onim
946 3861 1131 3929 wetere]
1210 3860 1523 3923 Hortensius,
1547 3879 1603 3913 ss
1625 3880 1712 3928 ap-
1814 3862 2106 3916 Ciceronian
2137 3868 2386 3916 sentence.

569 3947 710 3996 pcars
725 3931 852 3980 from
868 3927 1157 3986 nextletter,
1180 3927 1202 3991 ᾖ
1216 3931 1261 3984 2,
1281 3928 1377 3977 and
1388 3928 1448 3985 Q.
1462 3927 1546 3977 Fr.
1558 3927 1649 3990 i.3,
1664 3931 1711 3979 8.

632 3998 903 4045 existimato
937 4029 949 4042 .
986 4029 1000 4042 .
1040 4028 1054 4041 .
1084 3995 1303 4054 putarim
1393 3994 1407 4019 ‘
1423 3992 1484 4043 be
1504 3994 1716 4068 'assured
1883 3997 1927 4044 1.
1961 4010 2020 4043 ne
2044 3996 2165 4072 ⁹3⁶&
2185 3995 2349 4044 absens
2378 3996 2607 4058 acciperet
2638 3997 2964 4067 munitatu]

568 4060 1006 4202 ἕξῖὶιξςαὲἓοιῗοὲθ
1017 4057 1178 4171 {235}
1188 4056 1231 4171 ἒ
1262 4056 1717 4185 maome&
1814 4074 2153 4174 smmozeuacrsmm
2227 4062 2610 4190 {medam
2626 4143 2638 4176 ε
2652 4124 2668 4150 ’
2693 4141 2776 4178 sce
2797 4126 2907 4178 Att.
2927 4128 2961 4179 i.

569 4186 1108 4331 ζῗοῗᾷἲῗξὴὲῗιθῦζῗίᾨο
1139 4185 1426 4300 ιιιιίεῑυθιιτέηξ
1441 4202 1716 4327 aeggirsghsg-
1818 4188 2004 4302 Πῖηὲιοη
2024 4253 2245 4303 miser-ias
2267 4256 2398 4304 luctu
2417 4254 2662 4322 adflictas]
2740 4255 2866 4306 This
2899 4256 2960 4320 is,

571 4337 621 4369 in
650 4317 941 4408 the-rcs'ults‘
969 4315 1073 4364 whi
1167 4314 1400 4365 followed
1423 4331 1513 4392 my
1531 4316 1716 4393 foohsh
1813 4318 2039 4394 perhaps³
2090 4334 2134 4394 a,
2154 4318 2362 4369 careless
2393 4319 2678 4395 expression
2706 4321 2964 4397 meaning,

570 4384 831 4446 creduhty.
959 4379 987 4429 I
1018 4379 1120 4430 feel
1149 4394 1284 4456 more
1316 4380 1635 4456 punishment
1659 4397 1715 4431 m
1816 4382 1930 4459 ‘the
1966 4398 2190 4459 ‘miserico
2232 4382 2288 4433 of
2329 4399 2417 4448 my
2453 4383 2665 4435 afflrcoed
2705 4387 2964 4461 posmom'

568 4450 655 4498 the
688 4462 826 4497 sense
858 4445 914 4496 of
943 4461 1031 4509 my
1055 4443 1183 4509 fony
1208 4460 1263 4494 m
1293 4444 1559 4508 behet-ing,
1599 4446 1710 4507 δια,
1813 4464 2031 4497 muana·
2047 4447 2197 4512 being
2217 4464 2283 4499 an
2303 4448 2518 4499 absh-act
2538 4449 2851 4501 substantive
2873 4458 2968 4515 put

566 4514 689 4563 than
709 4512 765 4561 in
792 4510 879 4560 the
910 4524 1267 4574 consequence·
1287 4508 1453 4560 which
1480 4509 1716 4561 followed
1811 4510 1893 4562 for
1911 4527 1943 4561 a
1963 4517 2206 4563 concrete.
2243 4513 2314 4562 Or
2327 4512 2535 4577 perhaps
2552 4530 2628 4564 wc
2649 4514 2830 4565 should
2851 4518 2968 4567 read

566 4577 679 4627 that
715 4573 1122 4626 credulonsness.’
1190 4572 1414 4626 Another
1454 4589 1576 4642 very
1620 4591 1712 4626 un·
1813 4578 2013 4641 afflicti,
2062 4577 2349 4643 comparing
2384 4584 2520 4628 tuum
2545 4586 2713 4641 peetus
2758 4581 2968 4631 homene·
