3229 5145
908 472 1055 536 ΕΡ.
1102 471 1381 538 XLIII.
1437 471 1527 555 (Α
1541 472 1670 537 TT.
1719 472 1824 537 II.
1872 471 2007 555 16.)
2539 474 2672 537 299

265 647 550 712 exercitu
581 643 883 711 Caesaris.
890 644 909 675 '
997 644 1154 711 Non
1192 643 1554 711 mehercule
1591 667 1697 711 me
1737 649 1814 710 tu
1855 645 2116 732 quidem
2152 648 2285 711 tam
2324 646 2448 712 isto
2492 669 2670 711 exer-

262 749 393 817 citu
421 771 617 836 quam
645 749 919 837 ingratis
961 747 1193 814 animis
1236 770 1457 815 eorum
1499 748 1857 829 hominum,
1904 749 2016 835 qui
2055 750 2465 836 appellantur
2492 749 2667 831 boni,

262 853 374 939 qui
400 852 563 919 mihi
592 874 723 918 non
744 852 935 918 modo
956 851 1405 938 praemiorum,
1436 852 1547 918 sed
1564 875 1648 918 ne
1678 874 2042 919 sermonum
2065 853 2327 938 quidem
2355 875 2666 938 umquam

262 956 548 1022 fructum
592 956 802 1023 ullum
844 961 960 1021 aut
1001 954 1280 1042 gratiam
1323 954 1734 1021 rettulerunt.
1825 957 1887 1020 3.
1936 956 2129 1027 Quod
2173 956 2228 1022 si
2266 956 2336 1022 in
2378 979 2520 1022 eam
2562 979 2669 1023 me

260 1064 511 1144 partem
538 1058 892 1138 incitarem,
937 1058 1220 1144 profecto
1248 1058 1381 1124 iam
1409 1057 1695 1145 aliquam
1720 1059 2066 1145 reperirem
2097 1060 2435 1126 resistendi
2465 1060 2659 1125 viam.

259 1159 461 1229 Nunc
487 1184 745 1249 prorsus
771 1161 890 1228 hoc
919 1161 1137 1240 statui,
1174 1164 1271 1242 ut,
1303 1161 1609 1247 quoniam
1638 1165 1823 1227 tanta
1851 1162 2278 1228 controversia
2307 1167 2403 1228 est
2431 1161 2665 1229 Dicae-

262 1266 473 1346 arch0,
528 1265 836 1332 familiari
888 1269 1024 1346 tuo,
1076 1285 1224 1330 cum
1268 1262 1729 1350 Theophrasto,
1780 1266 1982 1330 amico
2030 1287 2192 1344 meo,
2245 1268 2321 1331 ut
2369 1266 2482 1332 me
2517 1270 2669 1332 tuus

263 1374 375 1436 τὸν
434 1371 772 1455 πρακτικὸν
831 1369 991 1454 βίον
1058 1368 1255 1454 longe
1324 1366 1624 1434 omnibus
1679 1371 2049 1454 anteponat,
2110 1368 2217 1434 hio
2275 1375 2494 1435 autem
2553 1370 2669 1436 τὸν

264 1472 658 1555 θεωρητικόν,
689 1473 946 1558 utrique
974 1494 1015 1536 a
1040 1493 1145 1537 me
1173 1488 1310 1537 mos
1340 1474 1561 1558 gestus
1589 1494 1722 1537 esse
1752 1472 2066 1537 videatur.
2157 1470 2328 1537 Puto
2358 1472 2533 1538 enim
2561 1493 2667 1538 me

260 1574 649 1642 Dicaearcho
694 1575 968 1641 adfatim
1011 1575 1164 1640 satis
1192 1575 1451 1641 fecisse:
1500 1574 1765 1661 respicio
1804 1597 1977 1640 nunc
2015 1575 2100 1640 ad
2133 1573 2301 1641 hanc
2329 1574 2669 1655 familiam,

259 1702 423 1763 quae
451 1678 613 1744 mihi
642 1700 775 1745 non
801 1678 992 1744 modo
1020 1682 1097 1743 ut
1116 1678 1506 1763 requiescam
1534 1677 1875 1764 permittit,
1907 1678 2020 1743 sed
2046 1677 2478 1763 reprehendit,
2510 1678 2665 1764 quia

257 1804 388 1847 non
420 1804 668 1869 semper
696 1781 984 1868 quierim.
1076 1779 1225 1854 Qua
1262 1804 1332 1848 re
1372 1780 1835 1861 incumbamus,
1884 1802 1922 1846 o
1961 1784 2178 1846 noster
2207 1779 2377 1860 Tite,
2422 1781 2507 1846 ad
2549 1780 2667 1847 illa

257 1886 582 1971 praeclara
631 1885 845 1952 studia
895 1889 961 1950 et
1011 1906 1086 1950 eo
1143 1885 1316 1950 unde
1373 1883 1697 1951 discedere
1755 1907 1888 1950 non
1946 1883 2249 1970 oportuit,
2311 1883 2666 1970 aliquando

256 1992 671 2055 revertamur.
747 1991 809 2053 4.
844 1987 1038 2060 Quod
1065 1989 1147 2054 de
1176 1986 1409 2059 Quinti
1439 1987 1659 2054 fratris
1688 1987 1958 2073 epistola
1987 1986 2228 2065 scribis,
2264 1987 2348 2053 ad
2375 2009 2480 2052 me
2509 2009 2666 2072 quo·

259 2115 383 2177 que
412 2092 543 2157 fuit
591 2091 831 2179 πρόσθε
878 2091 1044 2158 λέων
1088 2090 1311 2159 ὄπιθεν
1364 2090 1427 2159 δὲ
1462 2140 1478 2156 .
1514 2142 1529 2158 .
1568 2140 1584 2156 .
1619 2091 1777 2176 quid
1807 2090 2018 2157 dicam
2047 2089 2275 2155 nescio.
2365 2089 2544 2156 Nam
2573 2090 2668 2156 ita

258 2195 551 2282 deplorat
579 2195 804 2282 primis
832 2193 1117 2261 versibus
1143 2194 1545 2262 mansionem
1573 2217 1777 2275 suam,
1807 2197 1883 2259 ut
1912 2193 2201 2279 quemvis
2230 2215 2489 2259 movere
2520 2215 2665 2280 pos-

260 2299 385 2364 sit:
431 2299 526 2364 ita
552 2320 771 2364 rursus
798 2297 1090 2379 remittit,
1135 2302 1213 2363 ut
1232 2321 1336 2364 me
1363 2301 1569 2386 roget,
1614 2302 1691 2363 ut
1719 2297 1984 2363 annales
2026 2318 2175 2363 suos
2218 2298 2556 2363 emendem
2599 2301 2667 2363 et

259 2402 466 2468 edam.
557 2400 740 2468 Illud
767 2404 1005 2481 tamen,
1050 2402 1223 2487 quod
1251 2401 1489 2482 scribis,
1520 2401 1993 2467 animadvertas
2022 2400 2237 2481 νοΙιιιι,
2270 2401 2352 2465 de
2380 2399 2662 2487 portorio

258 2504 843 2571 circumvectionis:
889 2503 983 2569 ait
1025 2525 1090 2570 se
1136 2506 1219 2571 de
1263 2504 1511 2571 consilii
1541 2505 1859 2572 sententia
1886 2527 2025 2571 rem
2054 2504 2140 2569 ad
2180 2509 2477 2571 senatum
2504 2503 2662 2570 reie-

260 2610 433 2675 cisse.
524 2608 839 2676 Nondum
868 2608 1167 2674 videlicet
1201 2631 1376 2675 meas
1418 2610 1668 2676 litteras
1708 2609 1976 2696 legerat,
2020 2607 2254 2695 quibus
2296 2609 2382 2674 ad
2409 2631 2559 2675 eum
2601 2632 2669 2674 re

259 2713 552 2779 consulta
607 2717 673 2779 et
715 2711 1043 2796 explorata
1099 2713 1586 2798 perscripseram
1630 2735 1762 2778 non
1805 2712 2043 2780 deberi.
2155 2711 2394 2793 Velim,
2455 2712 2510 2778 si
2553 2713 2666 2798 qui

263 2815 491 2883 Graeci
518 2815 649 2881 iam
680 2813 961 2880 Romam
988 2836 1069 2880 ex
1098 2814 1260 2881 Asia
1288 2817 1370 2882 de
1399 2839 1473 2882 ea
1501 2838 1691 2882 causa
1717 2819 2052 2897 venerunt,
2082 2815 2300 2881 videas
2330 2820 2415 2897 et,
2461 2815 2516 2882 si
2544 2815 2668 2882 tibi

258 2918 601 2999 videbitur,
638 2918 719 2983 iis
767 2918 1162 2984 demonstres
1204 2919 1362 3005 quid
1398 2944 1518 3007 ego
1563 2922 1646 2986 de
1689 2942 1765 2986 ea
1805 2942 1876 2986 re
1919 2918 2210 2986 sentiam.
2286 2918 2360 2986 Si
2402 2941 2662 3006 possum

323 3123 409 3184 qui
453 3122 759 3184 appellantur
801 3120 929 3185 boni]
1010 3120 1130 3171 ‘the
1172 3122 1409 3173 maamad

1509 3122 1672 3172 usuall
1744 3121 1969 3186 changed
2006 3127 2060 3173 to
2095 3122 2262 3172 scribit
2279 3138 2303 3181 ;
2348 3122 2439 3173 but
2469 3138 2548 3173 we
2580 3139 2662 3174 see

259 3185 719 3237 constitutionalists
753 3185 881 3236 have
915 3190 1003 3235 not
1028 3186 1169 3262 made
1198 3202 1278 3237 me
1307 3204 1407 3252 any

1506 3187 1639 3237 from
1721 3203 1749 3237 e
1772 3189 1932 3237 words
1955 3190 2020 3236 ad
2041 3204 2110 3236 me
2133 3203 2307 3250 quoque
2329 3187 2438 3237 that
2459 3187 2659 3238 Atticus

260 3258 430 3301 return
451 3252 531 3300 for
552 3267 637 3315 my
654 3252 863 3300 services
891 3266 1017 3300 even
1036 3250 1092 3299 in
1110 3251 1197 3300 the
1218 3267 1330 3316 way
1352 3251 1409 3301 of

259 3317 436 3373 words,
463 3315 610 3365 much
630 3314 762 3364 less
749 3331 801 3363 ιιι
823 3315 1117 3365 substantial
1137 3316 1400 3366 rewardsz’

259 3380 324 3431 cf.
336 3382 539 3456 fructae
560 3382 878 3441 auctoritatis,
920 3381 983 3429 ‘a
1014 3382 1202 3430 reward
1233 3380 1288 3430 ιιι
1320 3381 1406 3432 the

260 3462 373 3511 way
396 3446 451 3496 of
470 3443 748 3505 influencess
773 3444 848 3493 De
873 3444 988 3494 Sen.
1015 3447 1094 3493 62.

328 3516 374 3560 3.
418 3507 767 3574 Theophrasto]
835 3511 927 3559 See
948 3509 1054 3558 Att.
1074 3508 1129 3557 ii.
1156 3513 1203 3571 9,
1232 3512 1277 3559 2.

310 3573 594 3651 familiam]
689 3573 911 3623 ‘'school
949 3574 1024 3636 (of
1054 3573 1401 3639 philosophy).

262 3640 337 3690 Dc
361 3639 481 3689 Div.
508 3639 563 3688 ii.
591 3642 636 3688 3.

323 3709 371 3755 4.
407 3703 627 3767 πρόσθε
662 3704 838 3764 λέων,
871 3701 1073 3754 ὄπιθεν
1101 3703 1188 3768 δὲ]
1220 3702 1278 3768 dp
1281 3703 1410 3754 ἄκων

258 3768 424 3830 μέσση
448 3769 501 3819 δὲ
525 3771 744 3833 χίμαιρα,
770 3767 832 3817 ΙΙ.
848 3767 918 3817 vi.
942 3771 1048 3816 181.
1117 3723 1407 3833 Notavery

258 3832 1169 3973 ffssassuffi5⁰ss¹flefissa2ss⁰ffffoffimss
1204 3833 1408 3947 32³2&

259 3963 450 4027 change
481 3962 537 4013 of
560 3968 704 4013 tone:
742 3961 917 4012 there
900 3978 943 4012 is
974 3977 1040 4011 no
1070 3962 1404 4026 appropriate·

258 4044 369 4078 nese
392 4043 519 4077 even
539 4027 593 4076 ιιι
613 4026 742 4078 λέων
765 4027 940 4090 (thoug
939 4027 975 4076 h
992 4029 1109 4089 quid
1120 4030 1276 4076 dicam
1293 4044 1402 4076 nes-

258 4096 328 4142 eio
350 4092 553 4142 would
538 4108 640 4155 imp
640 4091 693 4156 ly
715 4092 826 4141 that
848 4092 984 4142 there
1005 4091 1086 4155 is),
1122 4090 1203 4141 for
1222 4108 1298 4148 ve
1321 4108 1402 4142 see

257 4157 343 4208 the
356 4157 630 4221 beginning
607 4108 697 4206 pof
713 4157 798 4206 the
812 4157 956 4206 letter
970 4171 1071 4206 was
1087 4156 1143 4206 of
1154 4155 1403 4222 anything

258 4221 351 4273 but
379 4239 409 4271 a
430 4222 556 4271 lion·
563 4222 661 4270 like
691 4221 956 4271 character.
1015 4220 1212 4271 Atticus
1244 4238 1402 4272 seems

258 4292 310 4337 ιο
346 4287 472 4336 have
502 4286 725 4336 received
757 4302 822 4336 an
853 4285 1054 4351 equally
1088 4287 1207 4335 aelf·
1209 4292 1398 4338 contra-

257 4351 450 4427 dictory
466 4351 627 4413 letter,
644 4367 698 4400 as
718 4350 885 4400 Cicero
903 4366 1017 4440 says
1032 4351 1095 4401 ad
1109 4366 1187 4402 me
1203 4367 1397 4415 quoquo.

320 4418 523 4465 remittit
618 4419 795 4465 ‘tenes
816 4416 996 4491 down!

320 4483 515 4529 annales
609 4478 701 4530 See
725 4479 785 4536 Q.
812 4479 897 4530 Fr.
921 4480 954 4529 i.
988 4483 1030 4541 1,
1055 4483 1137 4530 44.

320 4543 511 4611 ner-ibis]
560 4543 682 4595 This
702 4544 746 4594 is
767 4544 852 4595 the
873 4544 1077 4609 reading
1097 4544 1153 4595 of
1172 4544 1259 4597 the
1278 4561 1396 4608 mss,

1507 3252 1606 3301 had
1636 3251 1741 3302 also
1773 3252 2000 3302 received
2028 3267 2060 3301 a
2086 3251 2233 3301 letter
2260 3252 2390 3302 from
2422 3252 2658 3312 Quintus,

1506 3316 1638 3366 from
1669 3316 1836 3366 which
1869 3318 1953 3380 (no
1984 3316 2155 3381 doubt)
2191 3316 2254 3367 he
2274 3319 2469 3394 quoted
2500 3333 2660 3367 some-

1505 3380 1654 3445 thing
1674 3383 1825 3432 about
1845 3381 1930 3431 the
1944 3384 2216 3443 portorium
2238 3384 2653 3432 circumvectionis.

1572 3449 1629 3495 de
1639 3449 1854 3507 portorio
1865 3446 2292 3513 circumvectioms]
2316 3449 2570 3510 port-dues
2593 3463 2658 3496 on

1508 3512 1659 3574 goods
1681 3511 1832 3574 being
1853 3511 2080 3560 removed
2095 3511 2225 3560 from
2237 3510 2453 3562 harbour
2473 3515 2660 3573 umold,

1508 3577 1605 3625 and
1628 3575 1873 3625 therefore
1908 3578 2220 3652 transported·
2235 3582 2288 3625 ιο
2318 3577 2524 3626 another
2545 3577 2659 3626 har-

1508 3640 1648 3689 bour.
1708 3642 1786 3690 On
1808 3641 1957 3705 goods
1974 3640 2190 3704 brought
2205 3641 2312 3691 into
2327 3641 2544 3691 harbour
2559 3642 2659 3691 and

1506 3705 1646 3755 there
1678 3705 1798 3767 sold,
1850 3705 1936 3755 the
1968 3715 2055 3755 tax
2090 3707 2254 3756 would
2287 3706 2343 3755 of
2385 3721 2554 3756 course
2597 3706 2660 3756 be

1506 3769 1670 3818 levied
1709 3770 1878 3834 (excep
1880 3775 1903 3819 ι
1937 3769 1990 3819 ιιι
2021 3770 2195 3835 Italy).
2266 3770 2373 3821 The
2405 3770 2660 3834 publicani

1506 3833 1717 3884 claimed
1744 3834 1830 3884 the
1866 3835 2001 3898 right
2030 3843 2082 3885 to
2119 3835 2317 3885 enforce
2349 3835 2435 3884 the
2469 3846 2555 3884 tax
2591 3850 2657 3884 on

1509 3900 1661 3961 goods
1683 3899 1893 3956 unsold;
1919 3902 2004 3950 the
2021 3901 2207 3950 tradem
2220 3899 2520 3949 maintained
2536 3898 2660 3964 they

1508 3980 1642 4013 were
1686 3970 1772 4013 not
1809 3964 1974 4014 liable.
2060 3965 2275 4021 Quintus
2318 3964 2533 4014 referred
2571 3963 2658 4012 the

1506 4034 1685 4078 matter
1705 4035 1758 4078 to
1778 4029 1863 4078 the
1886 4035 2070 4079 senate.
2129 4028 2315 4090 CicerO,
2338 4028 2391 4076 in
2410 4029 2487 4077 his
2507 4028 2658 4078 letter

1501 4099 1604 4207 notf
1611 4098 1698 4157 yet
1718 4093 1939 4208 recefughed
1955 4093 2288 4207 1ξξᾶριιιιιιιιιι,
2319 4093 2418 4142 had
2439 4093 2643 4146 decided

1500 4175 1556 4207 ιιι
1602 4175 1759 4207 avour
1780 4174 1810 4208 ο
1907 4174 1935 4208 e
2069 4175 2147 4207 ers

1565 4225 1622 4272 de
1656 4225 1845 4271 cotmlii
1883 4223 2139 4336 contentia
2219 4222 2320 4287 ‘by
2354 4221 2440 4272 the
2473 4221 2647 4272 advice

1501 4286 1558 4337 of
1578 4287 1658 4337 his
1678 4303 1929 4347 assessor-s,
1975 4304 2040 4336 an
2060 4304 2077 4336 ι
2138 4287 2293 4337 ormal
2313 4295 2414 4336 sort
2426 4287 2483 4337 of
2496 4285 2648 4352 priv-y

1501 4352 1698 4428 council
1715 4352 1880 4401 which
1900 4326 1986 4402 t’he
2021 4368 2262 4416 governor
2299 4351 2354 4400 of
2387 4368 2418 4401 a
2452 4352 2649 4401 Roman

1500 4416 1737 4480 province
1768 4418 1884 4466 uoed
1907 4433 1972 4466 on
1992 4417 2242 4467 occasions
2267 4423 2320 4467 ιο
2348 4431 2576 4466 summon
2596 4422 2649 4467 ιο

1500 4482 1584 4540 aid
1606 4481 1688 4530 his
1711 4482 1974 4531 decisions.

1565 4548 1624 4597 Si
1636 4562 1828 4607 meum
1848 4546 2098 4611 disoedere]
2172 4549 2185 4572 ‘
2208 4545 2260 4595 If
2281 4546 2308 4595 I
2331 4562 2439 4608 can,
2463 4552 2515 4596 to
2536 4561 2653 4596 save
