3229 5145
499 444 629 510 328
1220 446 1367 510 ΕΡ.
1415 446 1623 512 LIII.
1679 446 1783 531 (Q.
1816 447 1956 511 ΡΒ.
1990 446 2050 510 Ι.
2083 444 2174 528 2.)

493 639 693 704 prope
735 639 930 703 quam
965 615 1289 683 civitatem
1331 641 1530 684 suam.
1540 621 1685 684 -6.
1732 619 1830 685 At
1868 618 2041 686 enim
2085 616 2341 684 Graecis
2383 614 2533 680 solis
2570 612 2907 701 indulgeo.

493 719 762 792 —-Quid
779 721 811 785 Ρ
871 718 952 785 L.
986 719 1333 787 Caecilium
1372 745 1586 789 nonne
1625 723 1802 789 omni
1839 722 2087 788 ratione
2124 719 2374 807 placavi
2392 720 2424 783 t>
2469 739 2664 804 quem
2696 716 2910 783 homi·

490 824 683 889 nem!
734 844 865 908 qua
911 822 1049 888 ira!
1099 846 1225 909 quo
1272 824 1539 911 spiritu!
1611 826 1824 898 Quem
1868 825 2144 911 denique
2188 826 2442 910 praeter
2492 819 2909 899 Tuscenium,

488 925 670 992 cuius
719 947 907 992 causa
951 927 1162 992 sanari
1206 951 1338 993 non
1387 935 1616 1014 potest,
1672 951 1804 995 non
1847 927 2146 1015 mitigavi
2164 926 2196 992 P
2254 926 2420 992 Ecce
2470 945 2666 1011 supra
2715 929 2911 1011 caput

491 1029 684 1096 homo
712 1029 872 1096 levis
899 1052 971 1096 ac
999 1031 1307 1112 sordidus,
1353 1034 1465 1098 sed
1491 1038 1711 1098 tamen
1740 1031 2016 1118 equestri
2054 1053 2266 1111 censu,
2313 1028 2662 1095 Catienus:
2711 1027 2910 1093 etiam

490 1133 547 1198 is
588 1131 881 1199 lenietur.
973 1132 1173 1200 Cuius
1214 1140 1289 1200 tu
1332 1135 1403 1201 in
1446 1142 1697 1221 patrem
1739 1137 1911 1221 quod
1951 1134 2135 1201 fuisti
2174 1132 2473 1219 asperior,
2517 1152 2652 1197 non
2691 1152 2909 1217 repre-

490 1236 703 1302 hendo
730 1260 745 1302 :
792 1242 961 1303 certo
991 1236 1165 1303 enim
1193 1238 1318 1304 scio
1357 1245 1422 1304 te
1461 1238 1680 1305 fecisse
1723 1262 1868 1305 cum
1912 1260 2118 1304 causa.
2226 1236 2357 1303 Sed
2399 1234 2557 1321 quid
2590 1256 2754 1321 opus
2781 1232 2912 1298 fuit

490 1339 630 1405 eius
686 1340 861 1405 modi
918 1340 1167 1421 litteris,
1227 1364 1385 1427 quas
1441 1344 1525 1408 ad
1574 1342 1788 1429 ipsum
1845 1341 2076 1408 misisti
2100 1340 2132 1406 P
2206 1346 2224 1377 ‘
2248 1339 2436 1405 illum
2486 1359 2739 1404 crucem
2789 1335 2910 1402 sibi

491 1441 706 1530 ipsum
733 1444 1132 1525 constituere,
1182 1468 1262 1511 ex
1294 1468 1422 1530 qua
1451 1452 1525 1511 tu
1563 1468 1712 1512 eum
1751 1450 1902 1511 ante
1940 1443 2363 1511 detraxisses:
2411 1448 2477 1508 te
2511 1446 2908 1517 curaturum,

494 1546 676 1612 fumo
727 1551 805 1612 ut
848 1545 1339 1628 combureretur,
1391 1549 1740 1634 plaudente
1780 1552 1918 1614 tota
1960 1545 2333 1635 provincia.’
2423 1544 2603 1617 Quid
2636 1565 2790 1609 vero
2831 1544 2914 1608 ad

496 1647 568 1714 G.
602 1647 882 1715 Fabium
910 1651 1119 1716 nescio
1148 1674 1339 1737 quem
1363 1652 1636 1717 ?—nam
1665 1675 1806 1718 eam
1835 1674 2087 1738 quoque
2125 1649 2461 1737 epistolam
2490 1647 2567 1714 T.
2602 1645 2912 1713 Catienus

495 1751 982 1839 circumgestat:
1032 1760 1048 1790 ‘
1071 1755 1427 1820 renuntiari
1455 1755 1576 1821 tibi
1604 1754 1933 1821 Licinium
1967 1753 2360 1841 plagiarium
2394 1774 2541 1817 cum
2580 1772 2697 1817 suo
2731 1749 2914 1835 pullo

494 1854 768 1920 miluino
817 1854 1062 1922 tributa
1107 1858 1405 1944 exigere!
1511 1857 1768 1924 Deinde
1812 1881 2003 1944 rogas
2040 1856 2345 1936 Fabium,
2396 1863 2414 1892 ‘
2435 1859 2510 1921 ut
2553 1859 2621 1920 et
2659 1859 2912 1939 patrem

496 1963 563 2023 et
608 1958 816 2024 filium
866 1959 1044 2026 vivos
1093 1960 1439 2041 comburat,
1487 1962 1542 2027 si
1591 1961 1834 2047 possit:
1884 1961 1940 2027 si
1988 1960 2225 2040 minus,
2278 1960 2363 2025 ad
2407 1962 2476 2024 te
2520 1957 2766 2037 mittat,
2814 1957 2914 2022 uti

497 2060 733 2127 iudicio
779 2062 1276 2129 comburantur.'
1366 2064 1504 2130 Eae
1549 2065 1804 2131 litterae
1849 2063 1963 2130 abs
2007 2067 2075 2129 te
2124 2086 2240 2150 per
2289 2062 2499 2128 iocum
2547 2060 2781 2127 missae
2832 2060 2915 2124 ad

500 2162 573 2229 O.
612 2162 914 2246 Fabium,
965 2167 1020 2232 si
1056 2170 1247 2234 modo
1286 2175 1437 2234 sunt
1476 2175 1649 2249 tuae,
1701 2190 1848 2234 cum
1886 2168 2214 2253 leguntur,
2259 2165 2646 2232 invidiosam
2683 2163 2911 2230 atroci·

492 2270 696 2333 tatem
752 2267 1091 2335 verborum
1147 2270 1405 2337 habent.
1517 2272 1577 2337 7.
1643 2272 1745 2337 Ac
1790 2271 1845 2336 si
1891 2271 2185 2337 omnium
2235 2291 2528 2335 mearum
2574 2271 2913 2353 praecepta

494 2370 855 2437 litterarum
892 2379 1157 2459 repetes,
1200 2374 1535 2462 intelleges
1578 2397 1711 2441 esse
1748 2374 1916 2440 nihil
1948 2396 1989 2439 a
2024 2396 2130 2439 me
2163 2372 2289 2438 nisi
2328 2371 2633 2438 orationis
2674 2368 2914 2436 acerbi-

492 2477 696 2540 tatem
730 2480 794 2541 et
831 2475 1227 2542 iracundiam
1273 2483 1356 2558 et,
1392 2479 1448 2544 si
1487 2477 1674 2558 forte,
1720 2500 1864 2544 raro
1907 2478 2271 2543 littera-mm
2309 2476 2649 2540 missarum
2691 2473 2912 2539 indili-

497 2579 788 2664 gentiam
828 2580 1295 2666 reprehensam.
1396 2582 1648 2654 Quibus
1691 2583 1952 2668 quidem
1994 2582 2067 2647 in
2108 2580 2298 2646 rebus
2342 2581 2398 2646 si
2442 2580 2618 2665 apud
2660 2581 2728 2643 te
2771 2577 2918 2664 plus

497 2683 840 2749 auctoritas
884 2707 1026 2750 mea
1066 2708 1261 2770 quam
1300 2690 1413 2750 tua
1463 2686 1595 2752 sive
1641 2691 1876 2751 natura
1917 2685 2136 2772 paullo
2181 2684 2382 2749 acrior
2421 2684 2555 2748 sive
2600 2682 2916 2767 quaedam

497 2785 764 2853 dulcedo
814 2786 1177 2854 iracundiae
1235 2790 1366 2855 sive
1425 2789 1677 2855 dicendi
1735 2790 1831 2855 sal
1889 2789 2281 2872 fwetiaeque
2323 2785 2695 2865 valuissent,
2743 2783 2909 2849 nihil

503 2910 656 2955 sane
707 2896 869 2956 esset
915 2893 1087 2977 quod
1136 2914 1252 2958 nos
1300 2894 1676 2979 paeniteret.
1789 2892 1883 2958 Et
1939 2891 2242 2957 mediocri
2298 2912 2402 2955 me
2453 2889 2671 2954 dolore
2728 2893 2920 2974 putas

501 3123 848 3186 remembered,
884 3125 929 3174 is
959 3125 1045 3176 the
1087 3128 1371 3192 conjecture
1405 3128 1461 3177 of
1492 3127 1652 3190 Man„

504 3188 604 3237 and
624 3187 714 3237 has
735 3205 800 3239 no
821 3206 896 3239 ms
915 3190 1187 3256 authority.
1257 3192 1282 3241 Ι
1302 3199 1504 3257 suggest
1515 3194 1651 3256 here,

500 3253 835 3319 accordingly,
887 3258 1142 3304 molliorem
1189 3274 1285 3306 esso
1321 3274 1472 3319 propo
1515 3275 1661 3321 quam

502 3319 747 3367 civitatem
762 3335 915 3380 suam,
942 3320 1038 3369 and
1053 3337 1261 3385 suppose
1275 3339 1305 3372 a
1317 3331 1445 3372 most
1461 3322 1660 3373 6116166·

504 3381 694 3431 16116116
731 3383 850 3447 play
889 3399 954 3433 on
991 3384 1077 3435 the
1117 3403 1261 3436 name
1305 3387 1361 3436 of
1402 3387 1490 3437 the
1521 3395 1662 3438 town

504 3447 743 3508 Blandus,
771 3451 784 3476 ‘
800 3449 955 3498 softer
974 3464 1098 3499 even
1122 3452 1243 3500 than
1262 3451 1338 3501 his
1358 3452 1663 3502 eost-named

501 3511 649 3560 oivu'
698 3511 803 3574 (the
837 3515 1111 3576 Blandem‘),
1160 3518 1257 3566 and
1293 3516 1540 3567 therefore
1575 3524 1665 3567 not

504 3575 628 3626 likel
707 3582 761 3626 to
802 3577 930 3627 have
973 3583 1285 3642 perpetrated
1337 3598 1369 3631 a
1421 3581 1665 3645 shocking

504 3656 557 3690 m
651 3656 720 3690 er.
822 3642 1008 3706 Cicero,
1062 3661 1117 3695 as
1164 3646 1189 3695 Ι
1237 3646 1364 3696 have
1408 3647 1664 3697 remarked

503 3704 692 3767 before,
718 3722 809 3757 6611
832 3707 1011 3774 hardly
1023 3711 1166 3760 resist
1183 3727 1213 3760 a
1234 3727 1338 3774 pun
1359 3726 1424 3759 on
1445 3727 1477 3761 a
1496 3727 1660 3761 name.

572 3772 621 3818 6.
668 3773 747 3819 A:
785 3773 936 3837 enim]
1028 3775 1158 3824 ‘But
1188 3776 1230 3824 it
1263 3792 1379 3840 may
1406 3775 1467 3824 be
1497 3776 1604 3825 said
1636 3775 1665 3825 Ι

503 3831 644 3884 611611
666 3834 769 3885 11116
788 3836 1023 3888 kindness
1044 3840 1165 3904 only
1187 3846 1240 3888 16
1260 3840 1346 3889 1116
1369 3840 1594 3889 Greeks!

576 3901 879 3967 Meuium]
949 3902 1040 3953 See
1064 3904 1124 3960 Q.
1154 3905 1236 3954 Fr.
1264 3904 1300 3954 i.
1330 3909 1372 3962 1,
1402 3907 1478 3954 19.

569 3980 720 4025 supra
744 3967 911 4031 captet]
976 3968 1234 4031 ‘impends
1267 3985 1386 4019 over
1418 3968 1511 4028 us‚’
1536 3984 1591 4018 as
1623 3985 1655 4019 6

501 4028 707 4092 danger.
777 4030 899 4081 This
926 4031 1104 4096 phrase
1129 4034 1173 4082 is
1205 4049 1260 4083 66
1287 4036 1409 4083 used
1432 4034 1463 4083 b
1522 4033 1656 4099 Livy

504 4094 604 4142 and
628 4093 833 4156 Sallust,
858 4095 952 4146 but
971 4104 1060 4146 not
1081 4098 1348 4148 elsewhere
1371 4100 1438 4163 by
1503 4098 1653 4148 icero.

569 4164 681 4207 ante
702 4161 984 4210 detraxisses
1077 4162 1293 4218 Quintus
1325 4163 1423 4212 had
1455 4163 1657 4228 already

502 4223 758 4273 condoned
779 4239 913 4275 some
933 4240 963 4274 6
1004 4242 1122 4276 61166
1144 4226 1199 4276 of
1221 4226 1471 4277 Catienus.

557 4288 703 4351 fumo
756 4295 813 4337 ut
864 4292 1231 4356 combureretur]
1325 4295 1339 4319 ⁴
1357 4291 1560 4342 smoked
1603 4296 1658 4341 to

500 4351 688 4402 death.’
757 4352 924 4403 Orsini
945 4357 1209 4419 suggest
1227 4358 1403 4421 sumto,
1441 4356 1533 4407 but
1553 4356 1656 4407 this

503 4416 673 4466 would
700 4418 893 4482 require
917 4419 1004 4470 1116
1027 4421 1225 4470 further
1252 4420 1473 4472 addition
1498 4421 1554 4472 of
1578 4423 1650 4484 in,

503 4480 671 4530 which
692 4481 998 4548 Wesenberg
1017 4485 1252 4548 supplies.

560 4546 892 4614 peaqianium]
953 4554 966 4577 ‘
982 4566 1013 4599 a
1033 4550 1330 4614 kidnapper'
1356 4550 1410 4600 of
1432 4550 1654 4602 children

1759 3128 1841 3179 for
1861 3128 1948 3179 the
1980 3125 2353 3178 slave-market.
2421 3123 2546 3174 This
2565 3124 2706 3174 word
2735 3122 2828 3173 1166
2855 3122 2922 3172 its

1760 3195 2238 3254 modernsense‘ap
2325 3191 2335 3200 '
2398 3189 2410 3201 '
2469 3187 2917 3249 ’inMart-1.53‚9.

1817 3261 1954 3321 pullo
1975 3256 2200 3370 milkulino]
2327 3255 2372 3304 is
2393 3270 2500 3316 son,
2521 3253 2690 3304 1111616
2709 3252 2777 3302 116
2798 3252 2921 3302 calls

1766 3327 1780 3352 ⁸
1800 3339 1831 3373 a
1888 3338 1988 3372 6116
2084 3321 2168 3371 'te.

1828 3338 2134 3451 ι’ἶνὶᾱίοεεαηι]
2203 3385 2217 3411 ‘
2233 3400 2265 3434 a
2292 3382 2515 3434 violence
2546 3381 2602 3431 of
2632 3380 2922 3470 ofpmoeiun

1762 3468 1885 3570 1
1905 3448 2662 3565 ‘musaeum‘-
2722 3510 2922 3587 «1,.11.

1763 3597 1880 3647 may
1900 3580 1962 3631 be
1994 3578 2322 3642 occasionally
2343 3593 2374 3627 6
2395 3583 2534 3626 want
2554 3592 2584 3626 o
2638 3581 2842 3626 66111166
2864 3577 2924 3625 16

1763 3646 1850 3696 the
1882 3645 2054 3695 letters
2090 3658 2193 3709 you
2226 3643 2367 3691 write
2388 3658 2400 3703 ς
2421 3642 2434 3665 ’
2472 3641 2566 3691 but
2747 3656 2808 3704 ps
2843 3656 2926 3690 ve

1764 3711 1942 3760 should
1957 3717 2209 3772 transpose
2227 3709 2504 3756 litterarum
2524 3722 2588 3755 an
2645 3709 2925 3767 missarum,

1764 3776 1863 3825 and
1894 3774 2083 3834 render,
2116 3774 2130 3799 ‘
2146 3787 2275 3837 your
2304 3770 2625 3822 carelessness
2657 3770 2836 3820 6116116
2866 3770 2924 3820 in

1770 3838 2052 3903 neglecting
2079 3844 2133 3887 to
2153 3836 2296 3887 write
2327 3836 2468 3886 often
2498 3834 2698 3898 enough
2723 3834 2830 3898 (the
2849 3834 2926 3884 ir·

1763 3902 2037 3969 regularity
2058 3901 2115 3952 of
2134 3917 2262 3967 your
2282 3899 2755 3964 correspondence.)’
2832 3899 2925 3949 In-

1763 3970 1885 4018 deed
1906 3968 1991 4018 the
2014 3965 2361 4029 transposition
2384 3966 2428 4015 is
2449 3964 2627 4029 hardly
2649 3963 2910 4040 requisite-

1820 4035 2011 4082 duloodo
2053 4029 2358 4096 iracundiae]
2424 4045 2503 4093 cp.
2539 4028 2604 4079 11.
2639 4045 2783 4078 xvm.
2826 4032 2925 4078 110

1758 4097 2105 4175 (χόλος)’ὅστε
2133 4096 2261 4147 πολὺ
2287 4095 2507 4157 ’γλυκίων
2535 4094 2742 4154 μέλιτος
2771 4113 2930 4146 κατα·

1762 4167 2417 4300 A‘tiflioendwwfz‘efmtmque·
2415 4223 2438 4288 ]
2505 4211 2616 4299 Qne
2643 4222 2710 4298 of·
2731 4222 2821 4273 the
2841 4223 2928 4299 in-

1757 4291 1975 4340 fluences
2006 4289 2172 4340 11111611
2204 4288 2408 4339 hurried
2441 4287 2660 4346 Quintus
2691 4295 2803 4338 1616
2839 4304 2926 4338 m-

1756 4361 2137 4418 temperateness
2157 4353 2213 4403 of
2241 4354 2526 4417 expression
2549 4368 2654 4403 1166
2676 4369 2708 4402 a
2728 4352 2926 4403 certain

1760 4423 1774 4448 ‘
1789 4420 2013 4483 aptitudo
2028 4419 2110 4470 for
2124 4418 2348 4482 elothing
2363 4433 2428 4467 66
2444 4416 2767 4481 opprobrious
2789 4433 2921 4468 mes·

1754 4501 1871 4549 sage
1904 4485 1959 4534 in
1995 4484 2197 4547 pointed
2227 4482 2512 4546 language‚’
2547 4483 2607 4532 os
2637 4481 2805 4531 which
2841 4498 2923 4531 ve

1754 4550 1882 4600 have
1902 4549 2148 4600 1661611666
2170 4550 2224 4597 in
2249 4547 2272 4613 ᾇ
2297 4551 2345 4597 6.
