3229 5145
892 492 1039 556 ΕΡ.
1084 490 1434 556 LXXIII.
1485 490 1573 577 (A
1584 492 1714 556 TT.
1748 491 2065 578 111.15.)
2544 491 2674 557 379

262 662 660 752 confugiam,
690 668 767 731 ut
795 686 1006 751 neque
1033 662 1288 730 videam
1325 662 1619 729 homines
1656 685 1817 750 quos
1852 665 2076 746 nolim,
2109 668 2174 731 et
2211 669 2296 745 te,
2326 668 2403 731 ut
2432 664 2672 746 scribis,

262 767 538 847 videam,
592 771 659 834 et
702 767 966 854 propius
1008 767 1152 846 sim,
1205 767 1261 833 si
1308 767 1467 854 quid
1523 768 1915 854 agatur—id
1964 770 2138 854 quod
2186 768 2483 835 intellexi
2525 790 2674 835 cum

263 869 404 951 tibi,
455 877 602 937 tum
647 869 896 944 Quinto
944 870 1134 937 fratri
1178 870 1599 957 placere—an
1644 869 1872 937 abeam
1915 869 2239 956 Cyzicum.
2347 872 2408 937 7.
2454 871 2672 953 Nunc,

262 972 602 1061 Pomponi,
657 975 962 1062 quoniam
1012 974 1179 1040 nihil
1234 974 1580 1061 impertisti
1630 977 1782 1041 tuae
1830 975 2212 1061 prudentiae
2264 976 2350 1041 ad
2399 976 2675 1041 salutem

261 1098 493 1158 meam,
525 1078 698 1164 quod
726 1082 841 1146 aut
877 1079 951 1145 in
984 1100 1088 1145 me
1116 1078 1256 1164 ipso
1295 1077 1450 1144 satis
1483 1099 1618 1144 esse
1657 1077 1908 1144 consilii
1944 1079 2231 1144 decreras
2268 1082 2384 1144 aut
2411 1084 2478 1145 te
2507 1078 2675 1144 nihil

261 1181 409 1267 plus
435 1181 602 1247 mihi
628 1181 857 1248 debere
886 1204 1083 1269 quam
1120 1184 1197 1247 ut
1230 1184 1483 1268 praesto
1512 1203 1698 1261 esses,
1728 1181 2160 1267 quoniamque
2199 1204 2321 1267 ego
2361 1182 2672 1268 proditus,

259 1284 581 1364 inductus,
640 1286 962 1352 coniectus
1016 1285 1091 1351 in
1147 1284 1462 1363 fraudem,
1521 1284 1743 1350 omnia
1799 1307 1946 1351 mea
2003 1286 2323 1371 praesidia
2387 1285 2669 1373 neglexi,

262 1390 468 1454 totam
515 1387 781 1455 Italiam
834 1388 940 1476 [in
976 1386 1114 1476 me]
1171 1392 1447 1455 erectam
1490 1389 1576 1455 ad
1619 1410 1723 1455 me
1767 1388 2248 1455 defendendum
2298 1390 2563 1457 destitui
2608 1395 2674 1457 et

262 1490 516 1578 reliqui,
558 1514 663 1559 me
713 1515 1014 1578 meosque
1056 1492 1217 1559 meis
1261 1491 1502 1558 tradidi
1548 1491 1828 1557 inimicis
1870 1491 2269 1578 inspectante
2316 1498 2382 1560 et
2424 1498 2677 1560 tacente

262 1599 349 1674 te,
381 1595 495 1681 qui
522 1596 577 1661 si
605 1618 736 1662 non
766 1596 912 1683 plus
940 1596 1205 1683 ingenio
1234 1593 1493 1661 valebas
1521 1617 1719 1681 quam
1749 1617 1891 1681 ego,
1922 1600 2091 1662 certe
2121 1594 2394 1662 timebas
2421 1597 2674 1662 minus:

264 1698 319 1763 si
368 1703 568 1786 potes,
617 1701 791 1787 erige
838 1699 1128 1766 adflictos
1176 1702 1242 1766 et
1290 1700 1362 1765 in
1411 1720 1489 1766 eo
1539 1720 1659 1765 nos
1706 1698 1896 1764 iuva:
1950 1699 2054 1764 sin
2099 1699 2319 1765 omnia
2367 1705 2519 1765 sunt
2562 1699 2673 1765 ob·

263 1806 525 1885 structa,
561 1803 632 1869 id
669 1804 884 1889 ipsum
925 1803 1032 1869 fac
1068 1806 1145 1869 ut
1183 1801 1476 1883 sciamus,
1517 1805 1583 1868 et
1622 1823 1741 1867 nos
1781 1801 2133 1888 aliquando
2176 1806 2293 1869 aut
2336 1802 2678 1889 obiurgare

264 1908 380 1971 aut
435 1907 862 1972 communiter
917 1906 1231 1972 consolari
1288 1905 1523 1971 desine.
1613 1904 1764 1993 Ego
1821 1907 1879 1972 si
1934 1910 2118 1973 tuam
2176 1907 2372 1973 fidem
2424 1929 2674 1972 accusa·

262 2029 420 2089 rem,
471 2032 605 2076 non
651 2032 758 2076 me
805 2011 1211 2097 potissimum
1257 2009 1389 2075 tuis
1432 2010 1620 2076 tectis
1662 2010 2021 2077 crederem:
2066 2032 2278 2076 meam
2322 2011 2674 2077 amentiam

264 2132 507 2193 accuso,
565 2114 740 2199 quod
797 2136 838 2180 a
894 2119 961 2180 te
1017 2118 1277 2180 tantum
1334 2114 1540 2180 amari
1586 2117 1904 2200 quantum
1954 2135 2076 2201 ego
2127 2113 2360 2180 vellem
2405 2114 2671 2200 putavi:

263 2217 439 2302 quod
487 2216 545 2283 si
589 2218 835 2298 fuisset,
889 2218 1086 2284 fidem
1127 2218 1442 2298 eamdem,
1488 2239 1708 2283 curam
1753 2217 2061 2283 maiorem
2107 2217 2522 2299 adhibuisses,
2567 2239 2673 2284 me

263 2325 432 2387 certe
488 2321 574 2387 ad
632 2322 905 2387 exitium
958 2320 1493 2409 praecipitantem
1553 2320 1945 2402 retinuisses,
1996 2321 2153 2387 istos
2202 2319 2469 2402 labores,
2516 2343 2677 2407 quos

262 2444 437 2490 nunc
472 2423 545 2490 in
580 2425 941 2513 naufragiis
980 2425 1216 2490 nostris
1253 2424 1538 2511 suscipis,
1583 2446 1719 2490 non
1758 2423 2047 2489 subisses.
2154 2424 2216 2488 8.
2266 2422 2415 2495 Qua
2457 2447 2526 2491 re
2570 2424 2676 2491 fac

261 2531 338 2594 ut
367 2528 585 2595 omnia
621 2529 707 2596 ad
745 2551 849 2596 me
889 2531 1220 2616 perspecta
1254 2533 1320 2594 et
1356 2527 1689 2615 explorata
1725 2526 2072 2614 perscribas
2109 2550 2359 2615 meque,
2390 2533 2464 2595 ut
2494 2528 2672 2609 facis,

262 2631 422 2698 velis
449 2655 583 2698 esse
611 2633 914 2718 aliquem,
945 2633 1254 2719 quoniam
1282 2633 1397 2719 qui
1430 2632 1531 2699 fui
1569 2636 1637 2698 et
1680 2634 1794 2718 qui
1832 2654 1965 2698 esse
2002 2632 2188 2719 potui
2215 2633 2347 2697 iam
2378 2655 2511 2697 esse
2539 2655 2673 2699 non

263 2757 541 2822 possum,
574 2742 640 2802 et
667 2742 742 2802 ut
770 2736 872 2802 his
900 2736 1132 2803 litteris
1160 2759 1292 2803 non
1322 2741 1406 2817 te,
1438 2737 1550 2802 sed
1577 2759 1685 2802 me
1713 2737 1926 2823 ipsum
1949 2759 1990 2801 a
2010 2758 2114 2803 me
2141 2759 2276 2802 esse
2305 2741 2671 2802 accusatum

262 2843 468 2924 putes.
558 2839 631 2906 Si
670 2841 783 2926 qui
821 2843 1012 2907 erunt
1052 2840 1285 2927 quibus
1327 2844 1514 2927 putes
1560 2862 1721 2926 opus
1765 2861 1898 2905 esse
1941 2861 2083 2907 meo
2122 2839 2385 2905 nomine
2423 2839 2673 2905 litteras

263 2943 425 3024 dari,
454 2943 650 3009 velim
679 2944 1036 3011 conscribas
1063 2967 1367 3030 curesque
1397 2944 1663 3010 dandas.
1751 2943 1929 3009 Data
1956 2964 2078 3008 mv
2107 2942 2262 3009 Kal.
2296 2942 2473 3030 Sept.

327 3161 373 3214 7.
421 3163 663 3228 inductus]
752 3169 765 3192 ⁸
780 3163 932 3213 taken
973 3162 1067 3225 in,'
1116 3166 1131 3192 ‘
1148 3163 1414 3215 deceived.’
1516 3163 1647 3214 have
1665 3165 1931 3227 prevented
1952 3180 2041 3229 my
2061 3163 2417 3227 banishment).

264 3226 470 3277 Plautus
492 3244 604 3278 uses
618 3231 874 3290 perductus
905 3228 959 3277 in
992 3227 1078 3278 the
1106 3243 1240 3279 same
1261 3245 1417 3280 sense.
1583 3231 1632 3278 8.
1667 3231 1870 3292 aliquem
1960 3232 1974 3256 ‘
1990 3228 2292 3293 somebody,’
2319 3233 2332 3256 ‘
2348 3229 2403 3279 of
2424 3245 2556 3280 some
2577 3228 2671 3280 im-

326 3294 403 3341 u‘n
449 3296 607 3341 omnia
648 3302 760 3342 eune
802 3292 1068 3358 obstructa]
1150 3293 1225 3342 ‘if
1264 3309 1419 3359 every
1515 3292 1788 3358 poi-tanco!
1897 3310 1953 3344 ee
1973 3309 2037 3343 on
2060 3294 2165 3343 Att.
2189 3294 2265 3343 iii.
2295 3298 2371 3355 14,
2395 3297 2441 3344 2.

261 3355 381 3420 path
412 3356 457 3407 is
489 3357 652 3408 closed
682 3357 878 3422 against
909 3358 1022 3408 me.'
1580 3374 1677 3407 mm
1711 3360 1919 3423 nomine]
1992 3359 2076 3408 ‘in
2107 3375 2195 3425 my
2227 3360 2410 3409 name.'
2478 3359 2674 3410 Letters

324 3424 632 3471 communiter
662 3423 916 3487 consolari]
997 3425 1081 3471 ‘to
1111 3422 1306 3473 console
1338 3438 1418 3474 me
1515 3438 1647 3474 were
1677 3438 1734 3474 so
1765 3423 2017 3488 generally
2039 3424 2238 3475 written
2269 3425 2338 3489 by
2361 3425 2445 3474 the
2475 3441 2676 3474 amanu-

260 3486 359 3537 and
372 3503 457 3552 my
474 3487 719 3552 familyin
741 3487 1028 3537 common:'
1053 3486 1121 3537 of.
1144 3486 1412 3538 Fam.x;iii.
1516 3491 1658 3547 omis,
1695 3487 1806 3538 that
1840 3488 2037 3538 Atticus
2078 3490 2226 3540 could
2260 3488 2416 3554 easily
2452 3489 2593 3540 write
2639 3507 2671 3539 a

268 3553 342 3613 12,
368 3555 414 3612 l,
432 3554 741 3601 communiter
754 3553 1064 3601 commendavi
1081 3554 1273 3616 ὡραίου.
1324 3552 1417 3603 See
1516 3553 1665 3603 letter
1705 3568 1865 3617 pul-po
1914 3553 1925 3564 “
2041 3559 2095 3603 to
2138 3570 2275 3604 come
2310 3555 2439 3603 from
2478 3554 2666 3604 Cicero.

262 3614 392 3666 Adn.
420 3615 543 3666 erit.
1518 3617 1584 3668 In
1605 3618 1713 3669 Att.
1733 3618 1801 3668 vi.
1827 3622 1875 3680 6,
1895 3622 1941 3677 4,
2010 3619 2142 3669 icero
2163 3619 2276 3669 tells
2298 3636 2356 3668 us
2379 3619 2488 3668 that
2500 3619 2564 3669 he
2586 3619 2672 3669 did

324 3682 600 3744 naufragiis
698 3680 798 3732 For
838 3680 923 3731 the
967 3696 1100 3732 same
1142 3681 1413 3745 metaphor,
1517 3682 1643 3733 such
1679 3699 1711 3733 a
1748 3683 1935 3734 service
1965 3683 2046 3734 for
2078 3684 2292 3734 Atticus.
2349 3683 2520 3734 Cicero
2563 3684 2668 3734 dic-

260 3744 450 3806 pushed
470 3751 523 3795 to
543 3761 574 3795 a
618 3762 675 3796 ar
696 3752 887 3811 greater
905 3746 1095 3809 length,
1116 3762 1197 3796 see
1214 3748 1321 3796 Att.
1341 3747 1413 3798 iv.
1517 3748 1654 3799 tated
1676 3753 1727 3797 to
1748 3747 1833 3798 the
1855 3752 2157 3797 amanuensi-⁹
2178 3749 2233 3799 of
2252 3748 2450 3799 Atticus
2471 3765 2501 3798 a
2522 3749 2670 3799 letter

262 3812 338 3871 1⁹,
361 3813 408 3867 2,
432 3810 552 3861 haec
575 3810 708 3861 enim
739 3826 820 3862 me
851 3826 954 3862 una
971 3827 1030 3861 οι·
1051 3813 1135 3861 Ιιοο
1154 3814 1414 3876 musi-aq&
1514 3812 1755 3877 speaking
1775 3812 1955 3878 highly
1975 3813 2030 3863 of
2052 3813 2263 3872 Caelius,
2288 3814 2387 3863 and
2408 3813 2529 3862 then
2550 3814 2667 3863 read

262 3875 425 3923 tabula
444 3874 670 3926 delectat.
1513 3877 1556 3927 it
1590 3883 1643 3927 to
1675 3877 1761 3928 the
1791 3878 1957 3939 latter,
1994 3894 2050 3928 ae
2092 3895 2124 3929 a
2161 3879 2307 3929 letter
2343 3878 2565 3928 received
2599 3879 2667 3943 by

323 3956 417 3988 non
436 3940 658 4006 cubi-uu]
724 3944 853 4017 ‘you
876 3940 1042 3991 would
1063 3941 1192 3992 have
1211 3942 1416 4017 escaped
1514 3941 1620 3992 him
1657 3942 1789 3992 from
1823 3943 2039 3993 Atticus.
2111 3946 2218 3993 Hoc
2254 3946 2441 3992 nomine
2476 3942 2519 3992 is
2557 3948 2661 4003 not,

259 4003 328 4053 all
347 4003 434 4055 the
453 4006 652 4056 trouble
674 4005 838 4056 which
861 4021 962 4070 you
994 4021 1077 4055 are
1105 4021 1219 4056 now
1240 4006 1417 4069 taking
1513 4006 1778 4069 therefore,
1814 4015 1869 4058 ω
1900 4008 1964 4059 be
1994 4008 2147 4059 taken
2171 4016 2225 4060 to
2256 4024 2414 4067 mean,
2452 4010 2466 4035 ‘
2483 4024 2548 4059 on
2579 4023 2667 4072 my

258 4074 312 4118 to
330 4084 536 4133 procui-e
554 4086 643 4136 my
662 4070 953 4122 restoration
966 4071 982 4096 ⁹
1009 4071 1109 4135 (for
1128 4086 1231 4138 you
1250 4071 1416 4123 would
1513 4072 1764 4123 account!
