3229 5145
901 489 1049 553 ΕΡ.
1098 487 1513 552 LXXXIII.
1569 487 1662 570 (A
1679 483 1801 550 TT.
1838 487 1982 550 III.
2017 485 2152 568 23.)
2594 482 2721 545 393

312 667 528 730 cetera
555 666 996 749 consequatur.
1089 662 1149 726 6.
1196 660 1330 727 Fac
1357 659 1572 727 valeas
1610 662 1678 725 et
1716 660 1802 725 ad
1838 681 1942 725 me
1969 657 2336 724 tabellarios
2374 655 2616 735 mittas,
2646 658 2724 720 ut

319 767 515 833 sciam
557 767 715 853 quid
759 771 993 854 agatur
1035 769 1099 830 et
1139 786 1251 831 vos
1303 764 1461 849 quid
1503 763 1732 851 agatis.
1821 761 1996 828 Mihi
2037 763 2299 827 omnino
2341 762 2473 825 iam
2515 757 2726 825 brevis

321 870 706 956 exspectatio
753 873 866 935 est.
965 867 1286 933 Tulliolae
1336 872 1402 933 et
1449 866 1742 933 Ciceroni
1788 867 2063 933 salutem
2106 866 2227 932 dic.
2316 864 2568 932 Valete.
2632 860 2721 928 D.

322 989 384 1039 Α.
406 995 472 1038 ι).
506 995 579 1038 vl
608 971 943 1039 Kalendas
973 969 1356 1037 Decembres
1385 969 1769 1055 Dyrrachio.

455 1077 515 1143 7.
562 1075 999 1162 Dyrrachium
1020 1074 1190 1154 veni,
1220 1074 1394 1160 quod
1422 1078 1487 1140 et
1515 1073 1720 1140 libera
1748 1073 1972 1139 civitas
2001 1076 2097 1138 est
2127 1075 2191 1139 et
2220 1071 2291 1137 in
2320 1095 2424 1138 me
2453 1070 2728 1137 officiosa

320 1184 393 1247 et
421 1181 713 1267 proxima
743 1178 994 1244 Italiae.
1073 1178 1202 1244 Sed
1230 1178 1285 1244 si
1316 1178 1601 1245 offendet
1631 1200 1735 1243 me
1762 1177 1886 1243 loci
1915 1175 2266 1257 celebritas,
2291 1176 2417 1241 alio
2445 1196 2550 1241 me
2579 1194 2726 1240 con-

324 1284 570 1350 feram:
617 1284 703 1350 ad
730 1288 797 1349 te
825 1281 1115 1349 scribam.

541 1686 956 1756 LXXXIII.
1034 1686 1151 1753 To
1196 1684 1620 1767 ATTIOUS,
1665 1707 1741 1751 m
1786 1684 1992 1751 Rome
2044 1685 2235 1770 (An.
2267 1705 2371 1750 111.
2404 1684 2518 1768 23).

678 1914 1151 1973 DYRRACHIUM,
1182 1913 1246 1958 A.
1280 1912 1350 1958 15.
1383 1913 1436 1956 C.
1470 1911 1602 1971 6963
1652 1912 1713 1956 Β.
1747 1912 1800 1956 C.
1835 1910 1933 1968 583
1980 1911 2127 1954 AET.
2161 1911 2282 1955 clo.
2314 1909 2397 1955 48.

432 2096 506 2147 M.
540 2096 710 2149 Cicero
745 2097 808 2146 ad
842 2095 935 2147 tris
968 2094 1200 2159 epistolas
1236 2094 1392 2145 Attici
1427 2094 1684 2158 respondet
1722 2099 1776 2144 et
1817 2093 2029 2144 maxime
2063 2095 2125 2144 de
2162 2093 2270 2158 lege
2301 2109 2361 2143 ea
2392 2090 2740 2142 conscribenda

333 2179 572 2243 praecipit
602 2195 702 2243 qna
727 2177 832 2242 ipse
853 2183 1124 2228 revocetur.
1196 2175 1260 2225 In
1288 2181 1508 2226 extrema
1537 2175 1747 2240 epistola
1779 2175 2001 2225 Atticum
2031 2181 2187 2239 rogat,
2210 2181 2268 2225 ut
2297 2190 2399 2224 uno
2426 2174 2616 2238 impetu
2636 2188 2736 2223 rem

333 2278 474 2311 suam
494 2260 736 2318 conficiat,
761 2259 839 2309 sin
860 2260 910 2308 id
933 2259 1098 2308 minus
1120 2257 1289 2322 perfici
1309 2258 1479 2322 possit,
1501 2273 1616 2308 suos
1637 2257 1744 2307 eins
1765 2256 1881 2312 fidei
1902 2258 2224 2308 commendat.

1180 2467 1443 2523 CICERO
1480 2467 1745 2523 ATTICO
1780 2467 1933 2523 SAL.

475 2611 534 2675 1.
588 2608 674 2675 A.
730 2610 793 2674 d.
846 2630 889 2673 v
941 2608 1097 2674 Kal.
1151 2607 1487 2674 Decembr.
1542 2609 1662 2674 tris
1707 2608 2007 2695 epistolas
2054 2630 2094 2673 a
2143 2612 2207 2673 te
2254 2606 2485 2691 accepi,
2545 2628 2745 2672 unam

340 2714 565 2779 datam
613 2736 673 2777 a.
728 2712 793 2777 d.
839 2733 968 2777 vm
1016 2711 1170 2777 Kal.
1222 2710 1599 2792 Novembr„
1651 2711 1722 2777 in
1781 2734 1910 2796 qua
1965 2733 2070 2777 me
2121 2710 2414 2788 hortaris,
2464 2715 2541 2776 ut
2591 2709 2748 2776 forti

345 2815 563 2882 animo
602 2838 885 2881 mensem
929 2813 1310 2881 Ianuarium
1356 2821 1702 2901 expectem,
1754 2837 1973 2901 eaque,
2003 2836 2166 2900 quae
2210 2815 2294 2879 ad
2338 2835 2515 2899 spem
2557 2817 2751 2900 putas

345 2920 685 3006 pertinere,
717 2919 798 2984 de
825 2918 1094 2984 Lentuli
1125 2919 1356 2997 studio,
1389 2920 1469 2984 de
1498 2919 1752 2985 Metelli
1780 2918 2132 2998 voluntate,
2169 2918 2249 2981 de
2288 2921 2427 2981 tota
2456 2914 2751 3002 Pompeii

345 3023 596 3089 ratione
624 3020 977 3108 perscribis.
1068 3019 1155 3087 In
1194 3021 1398 3088 altera
1436 3022 1707 3109 epistola
1735 3026 1986 3108 praeter
2015 3020 2538 3086 consuetudinem
2569 3025 2744 3084 tuam

345 3127 520 3191 diem
549 3147 680 3191 non
711 3123 988 3204 ascribis,
1020 3126 1131 3189 sed
1161 3126 1314 3191 satis
1345 3126 1668 3213 significas
1697 3130 1970 3211 tempus.
2062 3122 2241 3209 Lege
2276 3123 2452 3188 enim
2491 3121 2572 3188 ab
2611 3130 2751 3189 octo

345 3229 626 3295 tribunis
662 3228 751 3314 pl.
784 3228 1195 3315 promulgata
1234 3228 1454 3294 scribis
1497 3234 1562 3295 te
1599 3251 1706 3295 eas
1750 3228 1999 3294 litteras
2046 3249 2120 3292 eo
2162 3228 2301 3312 ipso
2340 3226 2446 3291 die
2487 3226 2751 3306 dedisse,

347 3333 418 3397 id
461 3338 575 3412 est,
623 3354 679 3397 a.
713 3332 777 3397 d.
827 3352 938 3396 1111
984 3330 1266 3397 Kalend.
1313 3331 1686 3412 Novembr„
1731 3335 1797 3397 et
1840 3331 1999 3416 quid
2034 3335 2223 3417 putes
2265 3329 2565 3394 utilitatis
2611 3352 2754 3395 eam

351 3435 937 3522 promulgationem
995 3435 1284 3502 attulisse
1336 3434 1573 3502 scribis.
1695 3434 1782 3502 In
1840 3455 1968 3520 quo
2026 3435 2080 3499 si
2136 3434 2268 3499 iam
2325 3432 2483 3499 haec
2539 3440 2758 3499 nostra

418 3664 467 3711 6.
517 3662 668 3709 brevis
710 3659 1017 3726 exspectatio]
1108 3664 1122 3687 ‘
1140 3677 1227 3726 my
1271 3676 1505 3726 suspense
1604 3662 1757 3724 June,
1792 3662 1890 3712 and
1923 3662 2099 3711 vetoed
2129 3661 2201 3725 by
2230 3659 2402 3710 Aelius
2433 3659 2590 3724 Ligus
2625 3659 2760 3723 (who

350 3734 533 3776 cannot
566 3742 679 3775 now
712 3726 808 3774 last
839 3725 995 3789 long.’
1604 3728 1650 3778 is
1672 3727 1921 3777 donbtless
1950 3726 2035 3775 the
2063 3741 2241 3789 person
2263 3726 2479 3776 referred
2510 3734 2564 3775 to
2591 3724 2647 3774 in
2674 3724 2760 3774 the

420 3794 465 3843 7.
508 3789 680 3856 libera]
748 3806 811 3839 an
845 3790 1173 3853 independent
1208 3796 1365 3851 state;
1409 3792 1506 3841 and
1606 3794 1783 3853 words,
1832 3798 1887 3840 ut
1929 3794 2074 3839 etiam
2118 3793 2356 3853 Liyurino
2412 3791 2560 3852 μόμῳ
2613 3791 2758 3837 satis·

355 3856 602 3906 therefore
635 3872 665 3905 a
700 3854 894 3904 Roman
928 3855 1057 3905 exile
1081 3855 1246 3906 would
1276 3856 1414 3907 there
1447 3856 1507 3905 be
1594 3859 1803 3921 seciam,
1853 3857 1957 3905 Διι.
2004 3871 2053 3906 v.
2105 3859 2185 3914 20,
2233 3858 2301 3914 6;
2356 3870 2436 3904 see
2482 3855 2609 3904 Sest.
2659 3855 2760 3918 68).

350 3923 612 3970 satiaris:
647 3919 715 3969 cf.
737 3922 843 3970 Διι.
869 3919 943 3969 iii
971 3922 1019 3980 2,
1040 3936 1128 3982 pro
1150 3924 1385 3970 meoiure.
1608 3922 1754 3971 Even
1794 3919 1990 3985 though
2033 3921 2223 3976 vetoed,
2270 3920 2312 3968 it
2357 3917 2521 3982 might
2562 3919 2690 3968 have
2732 3935 2764 3968 a

1609 3987 1737 4063 good
1758 3985 1903 4035 effect
1923 4001 1988 4035 on
2009 3984 2095 4034 the
2118 4000 2229 4033 new
2251 3982 2492 4043 tribunes,
2518 3999 2573 4033 as
2594 3982 2760 4033 show-

424 4053 467 4098 1.
504 4051 571 4097 ad
593 4066 717 4111 spem
745 4087 757 4098 .
785 4084 798 4097 .
829 4086 842 4098 .
862 4047 1131 4115 peninon]
1172 4050 1249 4100 Cf.
1273 4052 1339 4098 ad
1358 4052 1511 4100 multa
1609 4067 1699 4116 ing
1742 4067 1773 4100 a
1815 4050 2007 4113 change
2051 4048 2107 4100 of
2148 4049 2351 4111 feeling.
2431 4047 2605 4098 Hence
2648 4050 2769 4111 quid

347 4117 611 4176 pertinuit,
654 4116 761 4164 Att.
805 4113 880 4163 iii.
920 4120 969 4171 6,
1014 4119 1070 4173 1;
1107 4117 1174 4162 ad
1206 4118 1359 4163 multa
1392 4132 1509 4178 qua·
1606 4124 1750 4178 putes
1781 4117 2018 4164 utilitatis
2054 4151 2067 4163 .
2108 4150 2121 4163 .
2160 4149 2173 4162 .
2209 4115 2443 4161 attulisse.

352 4181 513 4239 drare,
541 4180 646 4228 Att.
672 4179 741 4227 lv.
776 4182 851 4240 19,
875 4182 933 4239 23
969 4181 1217 4241 quicquam
1241 4183 1305 4228 ad
1324 4197 1450 4241 spem
1470 4202 1513 4223 =
1678 4183 1744 4230 In
1767 4196 1855 4242 quo
1878 4181 1921 4227 si
1944 4178 2066 4244 iam]
2137 4185 2150 4206 ‘
2169 4179 2281 4227 And
2314 4177 2341 4226 1
2376 4176 2505 4227 shall
2527 4176 2643 4228 take
2664 4176 2766 4227 this

359 4247 490 4306 ‘any
513 4244 717 4306 bopeful
742 4243 887 4308 sign,'
914 4244 1021 4293 Att.
1048 4246 1119 4293 xi.
1153 4246 1226 4305 15,
1260 4249 1281 4294 1
1305 4260 1317 4303 ;
1356 4248 1435 4305 20,
1463 4247 1506 4294 1.
1612 4243 1934 4309 opportunity
1956 4243 2011 4293 of
2037 4243 2233 4307 saying,
2255 4242 2301 4290 if
2322 4243 2391 4306 by
2413 4241 2515 4292 this
2547 4242 2668 4292 time
2700 4242 2768 4292 all

424 4309 546 4369 ,ιαμ
589 4312 713 4356 enim
829 4308 951 4357 This
997 4326 1097 4358 was
1153 4310 1238 4359 the
1292 4309 1385 4359 bill
1432 4309 1514 4360 for
1613 4312 1798 4361 chance
1834 4308 1889 4358 of
1923 4323 2010 4372 my
2049 4307 2340 4358 restoration
2375 4307 2465 4357 has
2504 4308 2628 4357 been
2672 4307 2770 4357 lost

358 4370 577 4421 Cicero's
770 4409 783 4434 ,
820 4373 986 4423 which
1025 4390 1127 4424 was
1163 4374 1378 4439 brought
1411 4374 1512 4424 for·
1616 4373 1740 4425 with
1772 4373 1858 4423 the
1890 4372 2000 4432 bill,
2036 4372 2063 4422 1
2099 4373 2224 4436 hope
2250 4388 2352 4436 you
2375 4371 2480 4421 vin
2503 4371 2651 4421 think
2682 4371 2769 4422 the

362 4438 496 4485 ward
530 4437 597 4501 by
630 4436 769 4500 eight
799 4439 1039 4498 tribunes,
1081 4438 1191 4489 Oct.
1227 4442 1310 4500 29,
1343 4440 1442 4488 and
1471 4439 1515 4488 is
1614 4439 1810 4490 trouble
1834 4437 1859 4487 1
1885 4453 1964 4487 am
1986 4437 2137 4487 about
2166 4445 2220 4486 to
2253 4437 2365 4487 take
2389 4437 2460 4500 (in
2485 4435 2771 4501 examining

364 4506 453 4550 not
489 4508 542 4551 tc
578 4501 640 4551 be
683 4503 991 4552 confounded
1032 4503 1155 4552 with
1197 4503 1284 4554 the
1326 4503 1418 4553 bill
1462 4503 1517 4554 of
1616 4504 1703 4554 the
1740 4502 1849 4564 bill)
1885 4518 1916 4552 a
1954 4502 2146 4567 subject
2183 4502 2264 4553 for
2301 4501 2409 4566 pity
2446 4502 2612 4552 rather
2648 4501 2769 4552 than

366 4565 603 4628 Ninnius,
642 4566 858 4630 brought
894 4566 949 4617 in
984 4583 1049 4617 on
1086 4567 1173 4618 the
1208 4567 1428 4619 Kalends
1461 4568 1517 4618 cf
1618 4566 1907 4631 contempt!
