<?xml version="1.0" encoding="UTF-8"?>
<!DOCTYPE html PUBLIC "-//W3C//DTD XHTML 1.0 Transitional//EN"
    "http://www.w3.org/TR/xhtml1/DTD/xhtml1-transitional.dtd">
<html xmlns="http://www.w3.org/1999/xhtml" xml:lang="en" lang="en">
 <head>
  <title>
</title>
<meta http-equiv="Content-Type" content="text/html;charset=utf-8" />
  <meta name='ocr-system' content='tesseract 3.04.00' />
  <meta name='ocr-capabilities' content='ocr_page ocr_carea ocr_par ocr_line ocrx_word'/>
</head>
<body>
  <div class='ocr_page' id='page_1' title='image "./correspondencem02pursgoog_0279.png"; bbox 0 0 3229 5145; ppageno 0'>
   <div class='ocr_carea' id='block_1_1' title="bbox 999 484 2698 567">
    <p class='ocr_par' dir='ltr' id='par_1_1' title="bbox 999 484 2698 567">
     <span class='ocr_line' id='line_1_1' title="bbox 999 484 2698 567; baseline -0.002 -16"><span class='ocrx_word' id='word_1_1' title='bbox 999 486 1145 551; x_wconf 80' lang='grc' dir='ltr'><strong>ΕΡ.</strong></span> <span class='ocrx_word' id='word_1_2' title='bbox 1193 484 1422 549; x_wconf 93' lang='lat' dir='ltr'><strong><em>XXX.</em></strong></span> <span class='ocrx_word' id='word_1_3' title='bbox 1477 484 1581 567; x_wconf 80' lang='lat' dir='ltr'><strong>(Q.</strong></span> <span class='ocrx_word' id='word_1_4' title='bbox 1617 485 1755 547; x_wconf 69' lang='grc' dir='ltr'><strong>ΡΒ.</strong></span> <span class='ocrx_word' id='word_1_5' title='bbox 1791 484 1852 548; x_wconf 84' lang='grc' dir='ltr'><strong>Ι.</strong></span> <span class='ocrx_word' id='word_1_6' title='bbox 1890 484 1980 567; x_wconf 82' lang='grc'><strong>1.)</strong></span> <span class='ocrx_word' id='word_1_7' title='bbox 2569 485 2698 548; x_wconf 76' lang='lat'><strong>253</strong></span> 
     </span>
    </p>
   </div>
   <div class='ocr_carea' id='block_1_2' title="bbox 286 655 2705 3332">
    <p class='ocr_par' dir='ltr' id='par_1_2' title="bbox 286 655 2704 2919">
     <span class='ocr_line' id='line_1_2' title="bbox 288 655 2702 740; baseline -0.002 -11"><span class='ocrx_word' id='word_1_8' title='bbox 288 682 420 729; x_wconf 83' lang='lat' dir='ltr'><strong>esse</strong></span> <span class='ocrx_word' id='word_1_9' title='bbox 447 659 696 740; x_wconf 82' lang='lat' dir='ltr'><strong>debuit,</strong></span> <span class='ocrx_word' id='word_1_10' title='bbox 736 659 917 726; x_wconf 86' lang='lat' dir='ltr'><strong>cuius</strong></span> <span class='ocrx_word' id='word_1_11' title='bbox 952 664 1187 726; x_wconf 88' lang='lat' dir='ltr'><strong>natura</strong></span> <span class='ocrx_word' id='word_1_12' title='bbox 1222 656 1371 723; x_wconf 83' lang='lat' dir='ltr'><strong>talis</strong></span> <span class='ocrx_word' id='word_1_13' title='bbox 1404 659 1521 736; x_wconf 90' lang='lat' dir='ltr'><strong>est,</strong></span> <span class='ocrx_word' id='word_1_14' title='bbox 1559 660 1637 723; x_wconf 90' lang='lat' dir='ltr'><strong>ut</strong></span> <span class='ocrx_word' id='word_1_15' title='bbox 1676 657 1874 722; x_wconf 86' lang='lat' dir='ltr'><strong>etiam</strong></span> <span class='ocrx_word' id='word_1_16' title='bbox 1911 655 2049 723; x_wconf 91' lang='lat' dir='ltr'><strong>sine</strong></span> <span class='ocrx_word' id='word_1_17' title='bbox 2082 657 2375 724; x_wconf 88' lang='lat' dir='ltr'><strong>doctrina</strong></span> <span class='ocrx_word' id='word_1_18' title='bbox 2403 658 2702 723; x_wconf 86' lang='lat' dir='ltr'><strong>videatur</strong></span> 
     </span>
     <span class='ocr_line' id='line_1_3' title="bbox 286 758 2700 850; baseline -0.002 -19"><span class='ocrx_word' id='word_1_19' title='bbox 286 765 618 832; x_wconf 90' lang='lat' dir='ltr'><strong>moderata</strong></span> <span class='ocrx_word' id='word_1_20' title='bbox 659 785 793 829; x_wconf 89' lang='lat' dir='ltr'><strong>esse</strong></span> <span class='ocrx_word' id='word_1_21' title='bbox 835 762 1137 850; x_wconf 85' lang='lat' dir='ltr'><strong>potuisse,</strong></span> <span class='ocrx_word' id='word_1_22' title='bbox 1173 784 1252 827; x_wconf 89' lang='lat' dir='ltr'><strong>ea</strong></span> <span class='ocrx_word' id='word_1_23' title='bbox 1300 764 1520 827; x_wconf 86' lang='lat' dir='ltr'><strong>autem</strong></span> <span class='ocrx_word' id='word_1_24' title='bbox 1559 758 1854 827; x_wconf 86' lang='lat' dir='ltr'><strong>adhibita</strong></span> <span class='ocrx_word' id='word_1_25' title='bbox 1900 761 2192 827; x_wconf 86' lang='lat' dir='ltr'><strong>doctrina</strong></span> <span class='ocrx_word' id='word_1_26' title='bbox 2229 766 2345 842; x_wconf 74' lang='lat' dir='ltr'><strong>eat,</strong></span> <span class='ocrx_word' id='word_1_27' title='bbox 2399 784 2563 848; x_wconf 91' lang='lat' dir='ltr'><strong>quae</strong></span> <span class='ocrx_word' id='word_1_28' title='bbox 2595 761 2700 827; x_wconf 83' lang='lat' dir='ltr'><strong>vel</strong></span> 
     </span>
     <span class='ocr_line' id='line_1_4' title="bbox 286 863 2700 951; baseline -0.001 -17"><span class='ocrx_word' id='word_1_29' title='bbox 286 867 761 935; x_wconf 80' lang='lat' dir='ltr'><strong>vitiosissimam</strong></span> <span class='ocrx_word' id='word_1_30' title='bbox 807 870 1109 933; x_wconf 82' lang='lat' dir='ltr'><strong>naturam</strong></span> <span class='ocrx_word' id='word_1_31' title='bbox 1159 864 1445 931; x_wconf 89' lang='lat' dir='ltr'><strong>excolere</strong></span> <span class='ocrx_word' id='word_1_32' title='bbox 1490 864 1711 950; x_wconf 78' lang='lat' dir='ltr'><strong>possit.</strong></span> <span class='ocrx_word' id='word_1_33' title='bbox 1812 863 1918 930; x_wconf 87' lang='lat' dir='ltr'><strong>Tu</strong></span> <span class='ocrx_word' id='word_1_34' title='bbox 1968 886 2117 931; x_wconf 86' lang='lat' dir='ltr'><strong>oum</strong></span> <span class='ocrx_word' id='word_1_35' title='bbox 2162 865 2491 951; x_wconf 88' lang='lat' dir='ltr'><strong>pecuniae,</strong></span> <span class='ocrx_word' id='word_1_36' title='bbox 2552 887 2700 933; x_wconf 90' lang='lat' dir='ltr'><strong>cum</strong></span> 
     </span>
     <span class='ocr_line' id='line_1_5' title="bbox 286 967 2698 1058; baseline -0.002 -19"><span class='ocrx_word' id='word_1_37' title='bbox 286 972 627 1058; x_wconf 82' lang='lat' dir='ltr'><strong>voluptati,</strong></span> <span class='ocrx_word' id='word_1_38' title='bbox 676 992 824 1036; x_wconf 89' lang='lat' dir='ltr'><strong>cum</strong></span> <span class='ocrx_word' id='word_1_39' title='bbox 875 969 1168 1036; x_wconf 87' lang='lat' dir='ltr'><strong>omnium</strong></span> <span class='ocrx_word' id='word_1_40' title='bbox 1211 989 1428 1034; x_wconf 90' lang='lat' dir='ltr'><strong>rerum</strong></span> <span class='ocrx_word' id='word_1_41' title='bbox 1475 967 1820 1053; x_wconf 77' lang='lat' dir='ltr'><strong>cupiditati</strong></span> <span class='ocrx_word' id='word_1_42' title='bbox 1868 968 2141 1049; x_wconf 86' lang='lat' dir='ltr'><strong>resistes,</strong></span> <span class='ocrx_word' id='word_1_43' title='bbox 2192 974 2270 1034; x_wconf 84' lang='lat' dir='ltr'><strong>ut</strong></span> <span class='ocrx_word' id='word_1_44' title='bbox 2316 967 2494 1047; x_wconf 86' lang='lat' dir='ltr'><strong>facis,</strong></span> <span class='ocrx_word' id='word_1_45' title='bbox 2555 970 2698 1049; x_wconf 90' lang='lat' dir='ltr'><strong>erit,</strong></span> 
     </span>
     <span class='ocr_line' id='line_1_6' title="bbox 288 1069 2698 1160; baseline -0.001 -18"><span class='ocrx_word' id='word_1_46' title='bbox 288 1077 497 1155; x_wconf 85' lang='lat' dir='ltr'><strong>cred0,</strong></span> <span class='ocrx_word' id='word_1_47' title='bbox 547 1073 905 1160; x_wconf 85' lang='lat' dir='ltr'><strong>periculum</strong></span> <span class='ocrx_word' id='word_1_48' title='bbox 946 1095 1030 1139; x_wconf 92' lang='lat' dir='ltr'><strong>ne</strong></span> <span class='ocrx_word' id='word_1_49' title='bbox 1076 1069 1443 1159; x_wconf 87' lang='lat' dir='ltr'><strong>improbum</strong></span> <span class='ocrx_word' id='word_1_50' title='bbox 1497 1072 1985 1158; x_wconf 78' lang='lat' dir='ltr'><strong>negotiatorem,</strong></span> <span class='ocrx_word' id='word_1_51' title='bbox 2033 1073 2254 1159; x_wconf 90' lang='lat' dir='ltr'><strong>paullo</strong></span> <span class='ocrx_word' id='word_1_52' title='bbox 2305 1073 2698 1158; x_wconf 79' lang='lat' dir='ltr'><strong>cupidiorem</strong></span> 
     </span>
     <span class='ocr_line' id='line_1_7' title="bbox 286 1173 2701 1265; baseline -0 -21"><span class='ocrx_word' id='word_1_53' title='bbox 286 1177 706 1265; x_wconf 84' lang='lat' dir='ltr'><strong>publicanum</strong></span> <span class='ocrx_word' id='word_1_54' title='bbox 742 1177 1157 1264; x_wconf 75' lang='lat' dir='ltr'><strong>comprimere</strong></span> <span class='ocrx_word' id='word_1_55' title='bbox 1198 1197 1331 1242; x_wconf 94' lang='lat' dir='ltr'><strong>non</strong></span> <span class='ocrx_word' id='word_1_56' title='bbox 1360 1174 1603 1261; x_wconf 78' lang='lat' dir='ltr'><strong>possis!</strong></span> <span class='ocrx_word' id='word_1_57' title='bbox 1696 1173 1874 1241; x_wconf 88' lang='lat' dir='ltr'><strong>Nam</strong></span> <span class='ocrx_word' id='word_1_58' title='bbox 1917 1174 2145 1242; x_wconf 74' lang='lat' dir='ltr'><strong>Graeci</strong></span> <span class='ocrx_word' id='word_1_59' title='bbox 2190 1176 2454 1261; x_wconf 89' lang='lat' dir='ltr'><strong>quidem</strong></span> <span class='ocrx_word' id='word_1_60' title='bbox 2499 1176 2590 1242; x_wconf 89' lang='lat' dir='ltr'><strong>sic</strong></span> <span class='ocrx_word' id='word_1_61' title='bbox 2632 1179 2701 1244; x_wconf 88' lang='lat' dir='ltr'><strong>te</strong></span> 
     </span>
     <span class='ocr_line' id='line_1_8' title="bbox 286 1278 2701 1364; baseline -0.002 -15"><span class='ocrx_word' id='word_1_62' title='bbox 286 1283 385 1349; x_wconf 87' lang='lat' dir='ltr'><strong>ita</strong></span> <span class='ocrx_word' id='word_1_63' title='bbox 411 1282 736 1349; x_wconf 80' lang='lat' dir='ltr'><strong>viventem</strong></span> <span class='ocrx_word' id='word_1_64' title='bbox 766 1279 1212 1360; x_wconf 89' lang='lat' dir='ltr'><strong>intuebuntur,</strong></span> <span class='ocrx_word' id='word_1_65' title='bbox 1259 1283 1337 1345; x_wconf 86' lang='lat' dir='ltr'><strong>ut</strong></span> <span class='ocrx_word' id='word_1_66' title='bbox 1365 1279 1713 1364; x_wconf 88' lang='lat' dir='ltr'><strong>quemdam</strong></span> <span class='ocrx_word' id='word_1_67' title='bbox 1748 1301 1830 1344; x_wconf 89' lang='lat' dir='ltr'><strong>ex</strong></span> <span class='ocrx_word' id='word_1_68' title='bbox 1870 1278 2206 1345; x_wconf 88' lang='lat' dir='ltr'><strong>annalium</strong></span> <span class='ocrx_word' id='word_1_69' title='bbox 2236 1278 2547 1345; x_wconf 90' lang='lat' dir='ltr'><strong>memoria</strong></span> <span class='ocrx_word' id='word_1_70' title='bbox 2584 1283 2701 1345; x_wconf 89' lang='lat' dir='ltr'><strong>aut</strong></span> 
     </span>
     <span class='ocr_line' id='line_1_9' title="bbox 288 1382 2698 1469; baseline -0.002 -17"><span class='ocrx_word' id='word_1_71' title='bbox 288 1386 487 1453; x_wconf 89' lang='lat' dir='ltr'><strong>etiam</strong></span> <span class='ocrx_word' id='word_1_72' title='bbox 517 1386 598 1451; x_wconf 93' lang='lat' dir='ltr'><strong>de</strong></span> <span class='ocrx_word' id='word_1_73' title='bbox 636 1385 809 1451; x_wconf 89' lang='lat' dir='ltr'><strong>caelo</strong></span> <span class='ocrx_word' id='word_1_74' title='bbox 838 1383 1134 1450; x_wconf 85' lang='lat' dir='ltr'><strong>divinum</strong></span> <span class='ocrx_word' id='word_1_75' title='bbox 1161 1382 1492 1449; x_wconf 89' lang='lat' dir='ltr'><strong>hominem</strong></span> <span class='ocrx_word' id='word_1_76' title='bbox 1522 1403 1657 1448; x_wconf 88' lang='lat' dir='ltr'><strong>esse</strong></span> <span class='ocrx_word' id='word_1_77' title='bbox 1683 1383 1755 1447; x_wconf 92' lang='lat' dir='ltr'><strong>in</strong></span> <span class='ocrx_word' id='word_1_78' title='bbox 1784 1383 2185 1469; x_wconf 83' lang='lat' dir='ltr'><strong>provinciam</strong></span> <span class='ocrx_word' id='word_1_79' title='bbox 2213 1382 2550 1469; x_wconf 90' lang='lat' dir='ltr'><strong>delapsum</strong></span> <span class='ocrx_word' id='word_1_80' title='bbox 2578 1405 2698 1468; x_wconf 91' lang='lat' dir='ltr'><strong>pu-</strong></span> 
     </span>
     <span class='ocr_line' id='line_1_10' title="bbox 286 1484 2700 1575; baseline -0.001 -20"><span class='ocrx_word' id='word_1_81' title='bbox 286 1492 451 1557; x_wconf 91' lang='lat' dir='ltr'><strong>tent.</strong></span> <span class='ocrx_word' id='word_1_82' title='bbox 542 1490 602 1554; x_wconf 85' lang='lat'><strong>8.</strong></span> <span class='ocrx_word' id='word_1_83' title='bbox 650 1489 870 1575; x_wconf 83' lang='lat' dir='ltr'><strong>Atque</strong></span> <span class='ocrx_word' id='word_1_84' title='bbox 897 1488 1054 1553; x_wconf 87' lang='lat' dir='ltr'><strong>haec</strong></span> <span class='ocrx_word' id='word_1_85' title='bbox 1081 1509 1254 1553; x_wconf 88' lang='lat' dir='ltr'><strong>nunc</strong></span> <span class='ocrx_word' id='word_1_86' title='bbox 1283 1508 1416 1552; x_wconf 94' lang='lat' dir='ltr'><strong>non</strong></span> <span class='ocrx_word' id='word_1_87' title='bbox 1446 1489 1525 1551; x_wconf 93' lang='lat' dir='ltr'><strong>ut</strong></span> <span class='ocrx_word' id='word_1_88' title='bbox 1552 1484 1773 1566; x_wconf 83' lang='lat' dir='ltr'><strong>facias,</strong></span> <span class='ocrx_word' id='word_1_89' title='bbox 1806 1487 1920 1552; x_wconf 91' lang='lat' dir='ltr'><strong>sed</strong></span> <span class='ocrx_word' id='word_1_90' title='bbox 1949 1490 2025 1551; x_wconf 91' lang='lat' dir='ltr'><strong>ut</strong></span> <span class='ocrx_word' id='word_1_91' title='bbox 2054 1491 2120 1552; x_wconf 89' lang='lat' dir='ltr'><strong>te</strong></span> <span class='ocrx_word' id='word_1_92' title='bbox 2151 1486 2356 1552; x_wconf 78' lang='lat' dir='ltr'><strong>facere</strong></span> <span class='ocrx_word' id='word_1_93' title='bbox 2387 1490 2452 1551; x_wconf 91' lang='lat' dir='ltr'><strong>et</strong></span> <span class='ocrx_word' id='word_1_94' title='bbox 2480 1485 2700 1552; x_wconf 87' lang='lat' dir='ltr'><strong>fecisse</strong></span> 
     </span>
     <span class='ocr_line' id='line_1_11' title="bbox 286 1588 2697 1681; baseline -0.002 -23"><span class='ocrx_word' id='word_1_95' title='bbox 286 1594 572 1681; x_wconf 83' lang='lat' dir='ltr'><strong>gaudeas</strong></span> <span class='ocrx_word' id='word_1_96' title='bbox 609 1591 832 1659; x_wconf 87' lang='lat' dir='ltr'><strong>scribo.</strong></span> <span class='ocrx_word' id='word_1_97' title='bbox 922 1590 1335 1657; x_wconf 88' lang='lat' dir='ltr'><strong>Praeclarum</strong></span> <span class='ocrx_word' id='word_1_98' title='bbox 1377 1593 1474 1655; x_wconf 90' lang='lat' dir='ltr'><strong>est</strong></span> <span class='ocrx_word' id='word_1_99' title='bbox 1509 1589 1686 1655; x_wconf 85' lang='lat' dir='ltr'><strong>enim</strong></span> <span class='ocrx_word' id='word_1_100' title='bbox 1722 1611 1974 1655; x_wconf 86' lang='lat' dir='ltr'><strong>summo</strong></span> <span class='ocrx_word' id='word_1_101' title='bbox 2014 1611 2162 1654; x_wconf 88' lang='lat' dir='ltr'><strong>cuin</strong></span> <span class='ocrx_word' id='word_1_102' title='bbox 2190 1589 2461 1675; x_wconf 87' lang='lat' dir='ltr'><strong>imperio</strong></span> <span class='ocrx_word' id='word_1_103' title='bbox 2495 1588 2697 1655; x_wconf 83' lang='lat' dir='ltr'><strong>fuisse</strong></span> 
     </span>
     <span class='ocr_line' id='line_1_12' title="bbox 286 1692 2699 1779; baseline -0.002 -17"><span class='ocrx_word' id='word_1_104' title='bbox 286 1696 361 1762; x_wconf 92' lang='lat' dir='ltr'><strong>in</strong></span> <span class='ocrx_word' id='word_1_105' title='bbox 389 1696 554 1761; x_wconf 87' lang='lat' dir='ltr'><strong>Asia</strong></span> <span class='ocrx_word' id='word_1_106' title='bbox 580 1695 954 1775; x_wconf 82' lang='lat' dir='ltr'><strong>triennium,</strong></span> <span class='ocrx_word' id='word_1_107' title='bbox 985 1693 1075 1759; x_wconf 91' lang='lat' dir='ltr'><strong>sic</strong></span> <span class='ocrx_word' id='word_1_108' title='bbox 1103 1698 1180 1760; x_wconf 90' lang='lat' dir='ltr'><strong>ut</strong></span> <span class='ocrx_word' id='word_1_109' title='bbox 1208 1692 1467 1759; x_wconf 88' lang='lat' dir='ltr'><strong>nullum</strong></span> <span class='ocrx_word' id='word_1_110' title='bbox 1505 1697 1571 1758; x_wconf 91' lang='lat' dir='ltr'><strong>te</strong></span> <span class='ocrx_word' id='word_1_111' title='bbox 1609 1693 1894 1778; x_wconf 86' lang='lat' dir='ltr'><strong>signum,</strong></span> <span class='ocrx_word' id='word_1_112' title='bbox 1925 1692 2110 1758; x_wconf 88' lang='lat' dir='ltr'><strong>nulla</strong></span> <span class='ocrx_word' id='word_1_113' title='bbox 2139 1693 2410 1779; x_wconf 83' lang='lat' dir='ltr'><strong>pictura,</strong></span> <span class='ocrx_word' id='word_1_114' title='bbox 2442 1692 2699 1758; x_wconf 91' lang='lat' dir='ltr'><strong>nullum</strong></span> 
     </span>
     <span class='ocr_line' id='line_1_13' title="bbox 290 1795 2702 1882; baseline -0.002 -16"><span class='ocrx_word' id='word_1_115' title='bbox 290 1821 424 1880; x_wconf 83' lang='lat' dir='ltr'><strong>vas,</strong></span> <span class='ocrx_word' id='word_1_116' title='bbox 454 1799 639 1864; x_wconf 87' lang='lat' dir='ltr'><strong>nulla</strong></span> <span class='ocrx_word' id='word_1_117' title='bbox 661 1798 873 1878; x_wconf 84' lang='lat' dir='ltr'><strong>vestis,</strong></span> <span class='ocrx_word' id='word_1_118' title='bbox 903 1797 1160 1863; x_wconf 87' lang='lat' dir='ltr'><strong>nullum</strong></span> <span class='ocrx_word' id='word_1_119' title='bbox 1181 1795 1598 1882; x_wconf 88' lang='lat' dir='ltr'><strong>mancipium,</strong></span> <span class='ocrx_word' id='word_1_120' title='bbox 1630 1796 1815 1862; x_wconf 88' lang='lat' dir='ltr'><strong>nulla</strong></span> <span class='ocrx_word' id='word_1_121' title='bbox 1845 1795 2056 1863; x_wconf 80' lang='lat' dir='ltr'><strong>forma</strong></span> <span class='ocrx_word' id='word_1_122' title='bbox 2086 1796 2484 1882; x_wconf 86' lang='lat' dir='ltr'><strong>cuiusquam,</strong></span> <span class='ocrx_word' id='word_1_123' title='bbox 2515 1796 2702 1862; x_wconf 87' lang='lat' dir='ltr'><strong>nulla</strong></span> 
     </span>
     <span class='ocr_line' id='line_1_14' title="bbox 288 1898 2702 1988; baseline -0.002 -19"><span class='ocrx_word' id='word_1_124' title='bbox 288 1903 578 1969; x_wconf 89' lang='lat' dir='ltr'><strong>condicio</strong></span> <span class='ocrx_word' id='word_1_125' title='bbox 608 1902 932 1988; x_wconf 86' lang='lat' dir='ltr'><strong>pecuniae,</strong></span> <span class='ocrx_word' id='word_1_126' title='bbox 978 1900 1210 1986; x_wconf 89' lang='lat' dir='ltr'><strong>quibus</strong></span> <span class='ocrx_word' id='word_1_127' title='bbox 1236 1898 1428 1966; x_wconf 87' lang='lat' dir='ltr'><strong>rebus</strong></span> <span class='ocrx_word' id='word_1_128' title='bbox 1466 1898 1757 1966; x_wconf 88' lang='lat' dir='ltr'><strong>abundat</strong></span> <span class='ocrx_word' id='word_1_129' title='bbox 1786 1900 1914 1965; x_wconf 87' lang='lat' dir='ltr'><strong>ista</strong></span> <span class='ocrx_word' id='word_1_130' title='bbox 1942 1899 2291 1986; x_wconf 80' lang='lat' dir='ltr'><strong>provincia,</strong></span> <span class='ocrx_word' id='word_1_131' title='bbox 2327 1899 2409 1965; x_wconf 91' lang='lat' dir='ltr'><strong>ab</strong></span> <span class='ocrx_word' id='word_1_132' title='bbox 2450 1922 2702 1965; x_wconf 89' lang='lat' dir='ltr'><strong>summa</strong></span> 
     </span>
     <span class='ocr_line' id='line_1_15' title="bbox 288 2002 2700 2093; baseline -0.002 -20"><span class='ocrx_word' id='word_1_133' title='bbox 288 2006 668 2093; x_wconf 86' lang='lat' dir='ltr'><strong>integritate</strong></span> <span class='ocrx_word' id='word_1_134' title='bbox 696 2004 1219 2090; x_wconf 81' lang='lat' dir='ltr'><strong>continentiaque</strong></span> <span class='ocrx_word' id='word_1_135' title='bbox 1248 2003 1608 2070; x_wconf 83' lang='lat' dir='ltr'><strong>deduxerit.</strong></span> <span class='ocrx_word' id='word_1_136' title='bbox 1701 2005 1763 2068; x_wconf 85' lang='lat'><strong>9.</strong></span> <span class='ocrx_word' id='word_1_137' title='bbox 1813 2002 1991 2075; x_wconf 80' lang='lat' dir='ltr'><strong>Quid</strong></span> <span class='ocrx_word' id='word_1_138' title='bbox 2022 2008 2240 2070; x_wconf 89' lang='lat' dir='ltr'><strong>autem</strong></span> <span class='ocrx_word' id='word_1_139' title='bbox 2268 2003 2534 2090; x_wconf 90' lang='lat' dir='ltr'><strong>reperiri</strong></span> <span class='ocrx_word' id='word_1_140' title='bbox 2562 2007 2700 2070; x_wconf 89' lang='lat' dir='ltr'><strong>tam</strong></span> 
     </span>
     <span class='ocr_line' id='line_1_16' title="bbox 292 2107 2699 2194; baseline -0.001 -17"><span class='ocrx_word' id='word_1_141' title='bbox 292 2110 606 2177; x_wconf 87' lang='lat' dir='ltr'><strong>eximium</strong></span> <span class='ocrx_word' id='word_1_142' title='bbox 646 2114 761 2176; x_wconf 87' lang='lat' dir='ltr'><strong>aut</strong></span> <span class='ocrx_word' id='word_1_143' title='bbox 788 2112 927 2174; x_wconf 83' lang='lat' dir='ltr'><strong>tam</strong></span> <span class='ocrx_word' id='word_1_144' title='bbox 956 2107 1391 2194; x_wconf 85' lang='lat' dir='ltr'><strong>expetendum</strong></span> <span class='ocrx_word' id='word_1_145' title='bbox 1417 2109 1632 2193; x_wconf 88' lang='lat' dir='ltr'><strong>potest</strong></span> <span class='ocrx_word' id='word_1_146' title='bbox 1661 2128 1857 2192; x_wconf 89' lang='lat' dir='ltr'><strong>quam</strong></span> <span class='ocrx_word' id='word_1_147' title='bbox 1884 2108 2079 2172; x_wconf 87' lang='lat' dir='ltr'><strong>istam</strong></span> <span class='ocrx_word' id='word_1_148' title='bbox 2108 2107 2437 2188; x_wconf 85' lang='lat' dir='ltr'><strong>virtutem,</strong></span> <span class='ocrx_word' id='word_1_149' title='bbox 2482 2109 2699 2174; x_wconf 90' lang='lat' dir='ltr'><strong>mode-</strong></span> 
     </span>
     <span class='ocr_line' id='line_1_17' title="bbox 290 2209 2704 2297; baseline -0.001 -18"><span class='ocrx_word' id='word_1_150' title='bbox 290 2214 610 2280; x_wconf 85' lang='lat' dir='ltr'><strong>rationem</strong></span> <span class='ocrx_word' id='word_1_151' title='bbox 654 2211 876 2292; x_wconf 88' lang='lat' dir='ltr'><strong>animi,</strong></span> <span class='ocrx_word' id='word_1_152' title='bbox 915 2210 1414 2297; x_wconf 87' lang='lat' dir='ltr'><strong>temperantiam</strong></span> <span class='ocrx_word' id='word_1_153' title='bbox 1462 2233 1596 2277; x_wconf 95' lang='lat' dir='ltr'><strong>non</strong></span> <span class='ocrx_word' id='word_1_154' title='bbox 1639 2210 1842 2277; x_wconf 90' lang='lat' dir='ltr'><strong>latere</strong></span> <span class='ocrx_word' id='word_1_155' title='bbox 1884 2210 1956 2276; x_wconf 91' lang='lat' dir='ltr'><strong>in</strong></span> <span class='ocrx_word' id='word_1_156' title='bbox 1994 2209 2276 2277; x_wconf 87' lang='lat' dir='ltr'><strong>tenebris</strong></span> <span class='ocrx_word' id='word_1_157' title='bbox 2315 2233 2524 2297; x_wconf 91' lang='lat' dir='ltr'><strong>neque</strong></span> <span class='ocrx_word' id='word_1_158' title='bbox 2567 2233 2704 2277; x_wconf 92' lang='lat' dir='ltr'><strong>esse</strong></span> 
     </span>
     <span class='ocr_line' id='line_1_18' title="bbox 292 2314 2702 2400; baseline -0.002 -16"><span class='ocrx_word' id='word_1_159' title='bbox 292 2316 603 2397; x_wconf 86' lang='lat' dir='ltr'><strong>abditam,</strong></span> <span class='ocrx_word' id='word_1_160' title='bbox 635 2317 746 2382; x_wconf 92' lang='lat' dir='ltr'><strong>sed</strong></span> <span class='ocrx_word' id='word_1_161' title='bbox 784 2316 856 2381; x_wconf 92' lang='lat' dir='ltr'><strong>in</strong></span> <span class='ocrx_word' id='word_1_162' title='bbox 892 2315 1036 2381; x_wconf 90' lang='lat' dir='ltr'><strong>luce</strong></span> <span class='ocrx_word' id='word_1_163' title='bbox 1071 2314 1288 2395; x_wconf 88' lang='lat' dir='ltr'><strong>Asiae,</strong></span> <span class='ocrx_word' id='word_1_164' title='bbox 1328 2314 1400 2379; x_wconf 89' lang='lat' dir='ltr'><strong>in</strong></span> <span class='ocrx_word' id='word_1_165' title='bbox 1437 2315 1639 2381; x_wconf 90' lang='lat' dir='ltr'><strong>oculis</strong></span> <span class='ocrx_word' id='word_1_166' title='bbox 1684 2314 2068 2380; x_wconf 86' lang='lat' dir='ltr'><strong>clarissimae</strong></span> <span class='ocrx_word' id='word_1_167' title='bbox 2104 2314 2469 2399; x_wconf 85' lang='lat' dir='ltr'><strong>provinciae</strong></span> <span class='ocrx_word' id='word_1_168' title='bbox 2508 2318 2702 2400; x_wconf 88' lang='lat' dir='ltr'><strong>atque</strong></span> 
     </span>
     <span class='ocr_line' id='line_1_19' title="bbox 292 2417 2698 2504; baseline -0.002 -17"><span class='ocrx_word' id='word_1_169' title='bbox 292 2421 362 2487; x_wconf 91' lang='lat' dir='ltr'><strong>in</strong></span> <span class='ocrx_word' id='word_1_170' title='bbox 393 2421 655 2487; x_wconf 87' lang='lat' dir='ltr'><strong>auribus</strong></span> <span class='ocrx_word' id='word_1_171' title='bbox 683 2419 973 2486; x_wconf 87' lang='lat' dir='ltr'><strong>omnium</strong></span> <span class='ocrx_word' id='word_1_172' title='bbox 1013 2418 1309 2504; x_wconf 87' lang='lat' dir='ltr'><strong>gentium</strong></span> <span class='ocrx_word' id='word_1_173' title='bbox 1337 2440 1412 2484; x_wconf 91' lang='lat' dir='ltr'><strong>ac</strong></span> <span class='ocrx_word' id='word_1_174' title='bbox 1440 2418 1780 2484; x_wconf 88' lang='lat' dir='ltr'><strong>nationum</strong></span> <span class='ocrx_word' id='word_1_175' title='bbox 1809 2439 1944 2503; x_wconf 82' lang='lat' dir='ltr'><strong>esse</strong></span> <span class='ocrx_word' id='word_1_176' title='bbox 1973 2417 2248 2503; x_wconf 88' lang='lat' dir='ltr'><strong>positam</strong></span> <span class='ocrx_word' id='word_1_177' title='bbox 2271 2417 2304 2482; x_wconf 99' lang='grc' dir='ltr'>Ρ</span> <span class='ocrx_word' id='word_1_178' title='bbox 2347 2439 2480 2483; x_wconf 83' lang='grc' dir='ltr'><strong>ιιοιι</strong></span> <span class='ocrx_word' id='word_1_179' title='bbox 2510 2417 2698 2482; x_wconf 88' lang='lat' dir='ltr'><strong>itine-</strong></span> 
     </span>
     <span class='ocr_line' id='line_1_20' title="bbox 292 2519 2702 2611; baseline -0.002 -20"><span class='ocrx_word' id='word_1_180' title='bbox 292 2524 473 2591; x_wconf 88' lang='lat' dir='ltr'><strong>ribus</strong></span> <span class='ocrx_word' id='word_1_181' title='bbox 522 2523 652 2591; x_wconf 76' lang='lat' dir='ltr'><strong>tuis</strong></span> <span class='ocrx_word' id='word_1_182' title='bbox 702 2522 942 2611; x_wconf 91' lang='lat' dir='ltr'><strong>proteri</strong></span> <span class='ocrx_word' id='word_1_183' title='bbox 983 2521 1298 2603; x_wconf 90' lang='lat' dir='ltr'><strong>homines,</strong></span> <span class='ocrx_word' id='word_1_184' title='bbox 1345 2542 1480 2588; x_wconf 93' lang='lat' dir='ltr'><strong>non</strong></span> <span class='ocrx_word' id='word_1_185' title='bbox 1531 2524 1798 2607; x_wconf 89' lang='lat' dir='ltr'><strong>sumptu</strong></span> <span class='ocrx_word' id='word_1_186' title='bbox 1842 2519 2191 2601; x_wconf 87' lang='lat' dir='ltr'><strong>exhauriri,</strong></span> <span class='ocrx_word' id='word_1_187' title='bbox 2239 2542 2371 2587; x_wconf 92' lang='lat' dir='ltr'><strong>non</strong></span> <span class='ocrx_word' id='word_1_188' title='bbox 2418 2522 2702 2588; x_wconf 85' lang='lat' dir='ltr'><strong>adventu</strong></span> 
     </span>
     <span class='ocr_line' id='line_1_21' title="bbox 294 2624 2698 2711; baseline -0.002 -16"><span class='ocrx_word' id='word_1_189' title='bbox 294 2627 675 2696; x_wconf 87' lang='lat' dir='ltr'><strong>commoveri</strong></span> <span class='ocrx_word' id='word_1_190' title='bbox 694 2628 727 2693; x_wconf 99' lang='grc' dir='ltr'>Ρ</span> <span class='ocrx_word' id='word_1_191' title='bbox 772 2649 905 2693; x_wconf 89' lang='lat' dir='ltr'><strong>esse</strong></span> <span class='ocrx_word' id='word_1_192' title='bbox 934 2648 1335 2711; x_wconf 89' lang='lat' dir='ltr'><strong>quocumque</strong></span> <span class='ocrx_word' id='word_1_193' title='bbox 1364 2626 1613 2692; x_wconf 86' lang='lat' dir='ltr'><strong>veneris</strong></span> <span class='ocrx_word' id='word_1_194' title='bbox 1653 2628 1719 2690; x_wconf 86' lang='lat' dir='ltr'><strong>et</strong></span> <span class='ocrx_word' id='word_1_195' title='bbox 1756 2624 2011 2711; x_wconf 89' lang='lat' dir='ltr'><strong>publice</strong></span> <span class='ocrx_word' id='word_1_196' title='bbox 2046 2629 2112 2690; x_wconf 93' lang='lat' dir='ltr'><strong>et</strong></span> <span class='ocrx_word' id='word_1_197' title='bbox 2150 2625 2456 2711; x_wconf 74' lang='lat' dir='ltr'><strong>privatim</strong></span> <span class='ocrx_word' id='word_1_198' title='bbox 2492 2626 2698 2691; x_wconf 82' lang='lat' dir='ltr'><strong>maxi-</strong></span> 
     </span>
     <span class='ocr_line' id='line_1_22' title="bbox 292 2727 2701 2816; baseline -0.001 -19"><span class='ocrx_word' id='word_1_199' title='bbox 292 2754 468 2798; x_wconf 91' lang='lat' dir='ltr'><strong>mam</strong></span> <span class='ocrx_word' id='word_1_200' title='bbox 507 2729 841 2809; x_wconf 89' lang='lat' dir='ltr'><strong>laetitiam,</strong></span> <span class='ocrx_word' id='word_1_201' title='bbox 875 2751 1022 2795; x_wconf 87' lang='lat' dir='ltr'><strong>cum</strong></span> <span class='ocrx_word' id='word_1_202' title='bbox 1060 2727 1212 2794; x_wconf 89' lang='lat' dir='ltr'><strong>urbs</strong></span> <span class='ocrx_word' id='word_1_203' title='bbox 1254 2729 1599 2808; x_wconf 89' lang='lat' dir='ltr'><strong>custodem,</strong></span> <span class='ocrx_word' id='word_1_204' title='bbox 1641 2749 1775 2794; x_wconf 93' lang='lat' dir='ltr'><strong>non</strong></span> <span class='ocrx_word' id='word_1_205' title='bbox 1813 2731 2189 2815; x_wconf 82' lang='lat' dir='ltr'><strong>tyrannum,</strong></span> <span class='ocrx_word' id='word_1_206' title='bbox 2221 2730 2450 2795; x_wconf 88' lang='lat' dir='ltr'><strong>domus</strong></span> <span class='ocrx_word' id='word_1_207' title='bbox 2488 2729 2701 2816; x_wconf 88' lang='lat' dir='ltr'><strong>hospi·</strong></span> 
     </span>
     <span class='ocr_line' id='line_1_23' title="bbox 292 2832 1771 2919; baseline -0.003 -17"><span class='ocrx_word' id='word_1_208' title='bbox 292 2841 448 2914; x_wconf 91' lang='lat' dir='ltr'><strong>tem,</strong></span> <span class='ocrx_word' id='word_1_209' title='bbox 479 2857 610 2900; x_wconf 92' lang='lat' dir='ltr'><strong>non</strong></span> <span class='ocrx_word' id='word_1_210' title='bbox 640 2834 1057 2919; x_wconf 83' lang='lat' dir='ltr'><strong>expilatorem</strong></span> <span class='ocrx_word' id='word_1_211' title='bbox 1088 2832 1394 2918; x_wconf 86' lang='lat' dir='ltr'><strong>recepisse</strong></span> <span class='ocrx_word' id='word_1_212' title='bbox 1423 2832 1720 2898; x_wconf 89' lang='lat' dir='ltr'><strong>videatur</strong></span> <span class='ocrx_word' id='word_1_213' title='bbox 1738 2832 1771 2897; x_wconf 89' lang='grc' dir='ltr'>Ρ</span> 
     </span>
    </p>

    <p class='ocr_par' dir='ltr' id='par_1_3' title="bbox 292 2934 2705 3332">
     <span class='ocr_line' id='line_1_24' title="bbox 425 2934 2705 3022; baseline -0 -19"><span class='ocrx_word' id='word_1_214' title='bbox 425 2937 568 3004; x_wconf 92' lang='grc' dir='ltr'><strong>ΙΙΙ.</strong></span> <span class='ocrx_word' id='word_1_215' title='bbox 633 2939 733 3002; x_wconf 86' lang='grc'><strong>10.</strong></span> <span class='ocrx_word' id='word_1_216' title='bbox 781 2935 914 3002; x_wconf 85' lang='lat' dir='ltr'><strong>His</strong></span> <span class='ocrx_word' id='word_1_217' title='bbox 942 2941 1160 3002; x_wconf 86' lang='lat' dir='ltr'><strong>autem</strong></span> <span class='ocrx_word' id='word_1_218' title='bbox 1188 2936 1259 3001; x_wconf 91' lang='lat' dir='ltr'><strong>in</strong></span> <span class='ocrx_word' id='word_1_219' title='bbox 1288 2934 1478 3002; x_wconf 87' lang='lat' dir='ltr'><strong>rebus</strong></span> <span class='ocrx_word' id='word_1_220' title='bbox 1504 2936 1640 3001; x_wconf 89' lang='lat' dir='ltr'><strong>iam</strong></span> <span class='ocrx_word' id='word_1_221' title='bbox 1669 2940 1733 3001; x_wconf 90' lang='lat' dir='ltr'><strong>te</strong></span> <span class='ocrx_word' id='word_1_222' title='bbox 1761 2956 1914 3001; x_wconf 89' lang='lat' dir='ltr'><strong>usus</strong></span> <span class='ocrx_word' id='word_1_223' title='bbox 1942 2934 2079 3021; x_wconf 87' lang='lat' dir='ltr'><strong>ipse</strong></span> <span class='ocrx_word' id='word_1_224' title='bbox 2107 2934 2395 3022; x_wconf 86' lang='lat' dir='ltr'><strong>profecto</strong></span> <span class='ocrx_word' id='word_1_225' title='bbox 2425 2936 2705 3003; x_wconf 82' lang='lat' dir='ltr'><strong>erudivit</strong></span> 
     </span>
     <span class='ocr_line' id='line_1_25' title="bbox 292 3037 2702 3129; baseline -0.001 -21"><span class='ocrx_word' id='word_1_226' title='bbox 292 3064 703 3129; x_wconf 90' lang='lat' dir='ltr'><strong>nequaquam</strong></span> <span class='ocrx_word' id='word_1_227' title='bbox 746 3040 900 3105; x_wconf 88' lang='lat' dir='ltr'><strong>satis</strong></span> <span class='ocrx_word' id='word_1_228' title='bbox 945 3062 1079 3105; x_wconf 88' lang='lat' dir='ltr'><strong>esse</strong></span> <span class='ocrx_word' id='word_1_229' title='bbox 1124 3040 1338 3126; x_wconf 89' lang='lat' dir='ltr'><strong>ipsum</strong></span> <span class='ocrx_word' id='word_1_230' title='bbox 1380 3039 1498 3104; x_wconf 87' lang='lat' dir='ltr'><strong>has</strong></span> <span class='ocrx_word' id='word_1_231' title='bbox 1537 3044 1601 3105; x_wconf 90' lang='lat' dir='ltr'><strong>te</strong></span> <span class='ocrx_word' id='word_1_232' title='bbox 1647 3037 1881 3104; x_wconf 89' lang='lat' dir='ltr'><strong>habere</strong></span> <span class='ocrx_word' id='word_1_233' title='bbox 1914 3038 2205 3118; x_wconf 85' lang='lat' dir='ltr'><strong>virtutes,</strong></span> <span class='ocrx_word' id='word_1_234' title='bbox 2252 3041 2363 3104; x_wconf 92' lang='lat' dir='ltr'><strong>sed</strong></span> <span class='ocrx_word' id='word_1_235' title='bbox 2407 3062 2540 3106; x_wconf 91' lang='lat' dir='ltr'><strong>esse</strong></span> <span class='ocrx_word' id='word_1_236' title='bbox 2583 3040 2702 3105; x_wconf 89' lang='lat' dir='ltr'><strong>cir-</strong></span> 
     </span>
     <span class='ocr_line' id='line_1_26' title="bbox 293 3141 2705 3230; baseline -0.002 -17"><span class='ocrx_word' id='word_1_237' title='bbox 293 3145 840 3230; x_wconf 89' lang='lat' dir='ltr'><strong>cumspiciendum</strong></span> <span class='ocrx_word' id='word_1_238' title='bbox 887 3142 1253 3229; x_wconf 85' lang='lat' dir='ltr'><strong>diligenter,</strong></span> <span class='ocrx_word' id='word_1_239' title='bbox 1301 3147 1377 3208; x_wconf 86' lang='lat' dir='ltr'><strong>ut</strong></span> <span class='ocrx_word' id='word_1_240' title='bbox 1421 3143 1493 3207; x_wconf 90' lang='lat' dir='ltr'><strong>in</strong></span> <span class='ocrx_word' id='word_1_241' title='bbox 1545 3141 1668 3208; x_wconf 89' lang='lat' dir='ltr'><strong>hac</strong></span> <span class='ocrx_word' id='word_1_242' title='bbox 1712 3141 2000 3208; x_wconf 85' lang='lat' dir='ltr'><strong>custodia</strong></span> <span class='ocrx_word' id='word_1_243' title='bbox 2051 3143 2415 3229; x_wconf 85' lang='lat' dir='ltr'><strong>provinciae</strong></span> <span class='ocrx_word' id='word_1_244' title='bbox 2462 3166 2596 3209; x_wconf 95' lang='lat' dir='ltr'><strong>non</strong></span> <span class='ocrx_word' id='word_1_245' title='bbox 2637 3148 2705 3209; x_wconf 90' lang='lat' dir='ltr'><strong>te</strong></span> 
     </span>
     <span class='ocr_line' id='line_1_27' title="bbox 293 3245 2704 3332; baseline -0 -17"><span class='ocrx_word' id='word_1_246' title='bbox 293 3271 523 3329; x_wconf 91' lang='lat' dir='ltr'><strong>unum,</strong></span> <span class='ocrx_word' id='word_1_247' title='bbox 585 3247 699 3312; x_wconf 90' lang='lat' dir='ltr'><strong>sed</strong></span> <span class='ocrx_word' id='word_1_248' title='bbox 746 3268 968 3312; x_wconf 91' lang='lat' dir='ltr'><strong>omnes</strong></span> <span class='ocrx_word' id='word_1_249' title='bbox 1017 3246 1346 3312; x_wconf 88' lang='lat' dir='ltr'><strong>ministros</strong></span> <span class='ocrx_word' id='word_1_250' title='bbox 1391 3246 1650 3332; x_wconf 88' lang='lat' dir='ltr'><strong>imperii</strong></span> <span class='ocrx_word' id='word_1_251' title='bbox 1694 3246 1795 3311; x_wconf 88' lang='lat' dir='ltr'><strong>tui</strong></span> <span class='ocrx_word' id='word_1_252' title='bbox 1843 3245 2028 3312; x_wconf 87' lang='lat' dir='ltr'><strong>sociis</strong></span> <span class='ocrx_word' id='word_1_253' title='bbox 2085 3251 2151 3312; x_wconf 89' lang='lat' dir='ltr'><strong>et</strong></span> <span class='ocrx_word' id='word_1_254' title='bbox 2195 3246 2442 3314; x_wconf 88' lang='lat' dir='ltr'><strong>civibus</strong></span> <span class='ocrx_word' id='word_1_255' title='bbox 2499 3252 2564 3314; x_wconf 93' lang='lat' dir='ltr'><strong>et</strong></span> <span class='ocrx_word' id='word_1_256' title='bbox 2608 3250 2704 3314; x_wconf 91' lang='lat' dir='ltr'><strong>rei</strong></span> 
     </span>
    </p>
   </div>
   <div class='ocr_carea' id='block_1_3' title="bbox 300 3513 2714 4620">
    <p class='ocr_par' dir='ltr' id='par_1_4' title="bbox 364 3513 2433 3580">
     <span class='ocr_line' id='line_1_28' title="bbox 364 3513 2433 3580; baseline -0 -12"><span class='ocrx_word' id='word_1_257' title='bbox 364 3518 721 3569; x_wconf 68' lang='lat' dir='ltr'><strong>vitiosissimam</strong></span> <span class='ocrx_word' id='word_1_258' title='bbox 816 3521 830 3546; x_wconf 89' lang='lat'>‘</span> <span class='ocrx_word' id='word_1_259' title='bbox 846 3521 976 3567; x_wconf 84' lang='lat' dir='ltr'><strong>most</strong></span> <span class='ocrx_word' id='word_1_260' title='bbox 997 3514 1284 3566; x_wconf 63' lang='lat' dir='ltr'><strong>defective)</strong></span> <span class='ocrx_word' id='word_1_261' title='bbox 1551 3514 1696 3580; x_wconf 82' lang='lat' dir='ltr'><strong>They</strong></span> <span class='ocrx_word' id='word_1_262' title='bbox 1727 3515 1870 3566; x_wconf 82' lang='lat' dir='ltr'><strong>made</strong></span> <span class='ocrx_word' id='word_1_263' title='bbox 1901 3513 2225 3580; x_wconf 80' lang='lat' dir='ltr'><strong>Theophanes</strong></span> <span class='ocrx_word' id='word_1_264' title='bbox 2257 3533 2289 3567; x_wconf 87' lang='lat' dir='ltr'><strong>a</strong></span> <span class='ocrx_word' id='word_1_265' title='bbox 2421 3555 2433 3566; x_wconf 91' lang='lat'>.</span> 
     </span>
    </p>

    <p class='ocr_par' dir='ltr' id='par_1_5' title="bbox 300 3579 2714 4620">
     <span class='ocr_line' id='line_1_29' title="bbox 364 3579 2704 3646; baseline 0 -14"><span class='ocrx_word' id='word_1_266' title='bbox 364 3587 495 3633; x_wconf 78' lang='lat' dir='ltr'><strong>Nam</strong></span> <span class='ocrx_word' id='word_1_267' title='bbox 535 3584 704 3632; x_wconf 69' lang='lat' dir='ltr'><strong>Graeci</strong></span> <span class='ocrx_word' id='word_1_268' title='bbox 809 3581 823 3607; x_wconf 89' lang='lat'>‘</span> <span class='ocrx_word' id='word_1_269' title='bbox 840 3580 941 3631; x_wconf 84' lang='lat' dir='ltr'><strong>For</strong></span> <span class='ocrx_word' id='word_1_270' title='bbox 979 3580 1101 3631; x_wconf 86' lang='lat' dir='ltr'><strong>such</strong></span> <span class='ocrx_word' id='word_1_271' title='bbox 1137 3580 1243 3631; x_wconf 75' lang='lat' dir='ltr'><strong>will</strong></span> <span class='ocrx_word' id='word_1_272' title='bbox 1272 3579 1335 3631; x_wconf 89' lang='lat' dir='ltr'><strong>be</strong></span> <span class='ocrx_word' id='word_1_273' title='bbox 1365 3579 1452 3631; x_wconf 82' lang='lat' dir='ltr'><strong>the</strong></span> <span class='ocrx_word' id='word_1_274' title='bbox 1622 3582 1671 3629; x_wconf 88' lang='grc'><strong>8.</strong></span> <span class='ocrx_word' id='word_1_275' title='bbox 1707 3583 1845 3629; x_wconf 70' lang='lat' dir='ltr'><strong>naua</strong></span> <span class='ocrx_word' id='word_1_276' title='bbox 1877 3583 2082 3630; x_wconf 77' lang='lat' dir='ltr'><strong>condicio</strong></span> <span class='ocrx_word' id='word_1_277' title='bbox 2106 3585 2337 3642; x_wconf 73' lang='lat' dir='ltr'><strong>pecuniae</strong></span> <span class='ocrx_word' id='word_1_278' title='bbox 2435 3586 2450 3611; x_wconf 85' lang='lat'><em>‘</em></span> <span class='ocrx_word' id='word_1_279' title='bbox 2468 3598 2534 3633; x_wconf 90' lang='lat' dir='ltr'><strong>no</strong></span> <span class='ocrx_word' id='word_1_280' title='bbox 2554 3597 2704 3646; x_wconf 85' lang='lat' dir='ltr'><strong>pecu·</strong></span> 
     </span>
     <span class='ocr_line' id='line_1_30' title="bbox 302 3643 2700 3722; baseline -0.002 -22"><span class='ocrx_word' id='word_1_281' title='bbox 302 3649 516 3712; x_wconf 80' lang='lat' dir='ltr'><strong>feelings</strong></span> <span class='ocrx_word' id='word_1_282' title='bbox 538 3647 661 3722; x_wconf 59' lang='lat' dir='ltr'><strong>with</strong></span> <span class='ocrx_word' id='word_1_283' title='bbox 684 3645 852 3696; x_wconf 73' lang='lat' dir='ltr'><strong>which</strong></span> <span class='ocrx_word' id='word_1_284' title='bbox 877 3645 966 3696; x_wconf 82' lang='lat' dir='ltr'><strong>the</strong></span> <span class='ocrx_word' id='word_1_285' title='bbox 993 3645 1181 3696; x_wconf 82' lang='lat' dir='ltr'><strong>Greeks</strong></span> <span class='ocrx_word' id='word_1_286' title='bbox 1203 3645 1312 3696; x_wconf 74' lang='lat' dir='ltr'><strong>will</strong></span> <span class='ocrx_word' id='word_1_287' title='bbox 1338 3644 1454 3721; x_wconf 79' lang='lat' dir='ltr'><strong>look</strong></span> <span class='ocrx_word' id='word_1_288' title='bbox 1552 3643 1701 3710; x_wconf 85' lang='lat' dir='ltr'><strong>niary</strong></span> <span class='ocrx_word' id='word_1_289' title='bbox 1723 3645 1879 3695; x_wconf 61' lang='lat' dir='ltr'><strong>offer!</strong></span> <span class='ocrx_word' id='word_1_290' title='bbox 1963 3644 2045 3695; x_wconf 85' lang='lat' dir='ltr'><strong>Cf.</strong></span> <span class='ocrx_word' id='word_1_291' title='bbox 2073 3649 2310 3696; x_wconf 71' lang='lat' dir='ltr'><strong>Attalicis</strong></span> <span class='ocrx_word' id='word_1_292' title='bbox 2336 3649 2700 3708; x_wconf 70' lang='lat' dir='ltr'><strong>condicionibus,</strong></span> 
     </span>
     <span class='ocr_line' id='line_1_31' title="bbox 302 3709 2707 3786; baseline -0.001 -22"><span class='ocrx_word' id='word_1_293' title='bbox 302 3730 365 3765; x_wconf 86' lang='lat' dir='ltr'><strong>on</strong></span> <span class='ocrx_word' id='word_1_294' title='bbox 390 3713 512 3763; x_wconf 84' lang='lat' dir='ltr'><strong>such</strong></span> <span class='ocrx_word' id='word_1_295' title='bbox 536 3728 567 3762; x_wconf 87' lang='lat' dir='ltr'><strong>a</strong></span> <span class='ocrx_word' id='word_1_296' title='bbox 586 3711 678 3761; x_wconf 78' lang='lat' dir='ltr'><strong>life</strong></span> <span class='ocrx_word' id='word_1_297' title='bbox 707 3727 763 3760; x_wconf 81' lang='lat' dir='ltr'><strong>as</strong></span> <span class='ocrx_word' id='word_1_298' title='bbox 820 3726 885 3760; x_wconf 88' lang='lat' dir='ltr'><strong>ou</strong></span> <span class='ocrx_word' id='word_1_299' title='bbox 906 3711 1035 3771; x_wconf 84' lang='lat' dir='ltr'><strong>lead,</strong></span> <span class='ocrx_word' id='word_1_300' title='bbox 1070 3710 1182 3760; x_wconf 84' lang='lat' dir='ltr'><strong>that</strong></span> <span class='ocrx_word' id='word_1_301' title='bbox 1202 3709 1323 3786; x_wconf 73' lang='lat' dir='ltr'><strong>they</strong></span> <span class='ocrx_word' id='word_1_302' title='bbox 1346 3710 1454 3759; x_wconf 79' lang='lat' dir='ltr'><strong>will</strong></span> <span class='ocrx_word' id='word_1_303' title='bbox 1558 3709 1659 3774; x_wconf 82' lang='lat' dir='ltr'><strong>‘by</strong></span> <span class='ocrx_word' id='word_1_304' title='bbox 1692 3710 1762 3760; x_wconf 81' lang='lat' dir='ltr'><strong>all</strong></span> <span class='ocrx_word' id='word_1_305' title='bbox 1810 3709 1897 3760; x_wconf 87' lang='lat' dir='ltr'><strong>the</strong></span> <span class='ocrx_word' id='word_1_306' title='bbox 1929 3710 2114 3761; x_wconf 82' lang='lat' dir='ltr'><strong>wealth</strong></span> <span class='ocrx_word' id='word_1_307' title='bbox 2160 3711 2272 3762; x_wconf 83' lang='lat' dir='ltr'><strong>that</strong></span> <span class='ocrx_word' id='word_1_308' title='bbox 2316 3712 2516 3762; x_wconf 74' lang='lat' dir='ltr'><strong>Attalus</strong></span> <span class='ocrx_word' id='word_1_309' title='bbox 2560 3714 2707 3762; x_wconf 88' lang='lat' dir='ltr'><strong>could</strong></span> 
     </span>
     <span class='ocr_line' id='line_1_32' title="bbox 303 3773 2357 3851; baseline -0.001 -23"><span class='ocrx_word' id='word_1_310' title='bbox 303 3780 455 3842; x_wconf 80' lang='lat' dir='ltr'><strong>fancy</strong></span> <span class='ocrx_word' id='word_1_311' title='bbox 476 3777 587 3827; x_wconf 76' lang='lat' dir='ltr'><strong>that</strong></span> <span class='ocrx_word' id='word_1_312' title='bbox 608 3792 742 3827; x_wconf 86' lang='lat' dir='ltr'><strong>some</strong></span> <span class='ocrx_word' id='word_1_313' title='bbox 763 3791 791 3826; x_wconf 86' lang='lat' dir='ltr'><strong>c</strong></span> <span class='ocrx_word' id='word_1_314' title='bbox 826 3781 1018 3851; x_wconf 68' lang='lat' dir='ltr'><strong>aractei·</strong></span> <span class='ocrx_word' id='word_1_315' title='bbox 1045 3773 1101 3825; x_wconf 77' lang='lat' dir='ltr'><strong>of</strong></span> <span class='ocrx_word' id='word_1_316' title='bbox 1132 3775 1216 3824; x_wconf 90' lang='lat' dir='ltr'><strong>old</strong></span> <span class='ocrx_word' id='word_1_317' title='bbox 1246 3774 1454 3851; x_wconf 75' lang='lat' dir='ltr'><strong>historic</strong></span> <span class='ocrx_word' id='word_1_318' title='bbox 1554 3774 1716 3825; x_wconf 64' lang='lat' dir='ltr'><strong>offer!</strong></span> <span class='ocrx_word' id='word_1_319' title='bbox 1789 3774 1914 3824; x_wconf 87' lang='lat' dir='ltr'><strong>Hor.</strong></span> <span class='ocrx_word' id='word_1_320' title='bbox 1952 3775 2116 3825; x_wconf 84' lang='lat' dir='ltr'><strong>Carni.</strong></span> <span class='ocrx_word' id='word_1_321' title='bbox 2141 3775 2176 3826; x_wconf 88' lang='lat' dir='ltr'><strong>i.</strong></span> <span class='ocrx_word' id='word_1_322' title='bbox 2206 3779 2249 3838; x_wconf 90' lang='lat'><strong>1,</strong></span> <span class='ocrx_word' id='word_1_323' title='bbox 2282 3779 2357 3827; x_wconf 86' lang='lat'><strong>12.</strong></span> 
     </span>
     <span class='ocr_line' id='line_1_33' title="bbox 300 3839 2714 3968; baseline 0 -77"><span class='ocrx_word' id='word_1_324' title='bbox 300 3843 651 3907; x_wconf 81' lang='lat' dir='ltr'><strong>purity-aye,</strong></span> <span class='ocrx_word' id='word_1_325' title='bbox 683 3840 795 3890; x_wconf 84' lang='lat' dir='ltr'><strong>that</strong></span> <span class='ocrx_word' id='word_1_326' title='bbox 825 3855 958 3890; x_wconf 85' lang='lat' dir='ltr'><strong>some</strong></span> <span class='ocrx_word' id='word_1_327' title='bbox 989 3839 1206 3968; x_wconf 48' lang='lat' dir='ltr'><strong>wind</strong></span> <span class='ocrx_word' id='word_1_328' title='bbox 1237 3842 1335 3889; x_wconf 84' lang='lat' dir='ltr'><strong>and</strong></span> <span class='ocrx_word' id='word_1_329' title='bbox 1358 3855 1454 3889; x_wconf 88' lang='lat' dir='ltr'><strong>mi·</strong></span> <span class='ocrx_word' id='word_1_330' title='bbox 1622 3841 1671 3889; x_wconf 85' lang='grc'><strong>9.</strong></span> <span class='ocrx_word' id='word_1_331' title='bbox 1697 3841 1761 3929; x_wconf 56' lang='lat' dir='ltr'><strong>,in</strong></span> <span class='ocrx_word' id='word_1_332' title='bbox 1785 3841 1882 3888; x_wconf 74' lang='lat' dir='ltr'><strong>luco</strong></span> <span class='ocrx_word' id='word_1_333' title='bbox 1902 3840 2080 3904; x_wconf 71' lang='lat' dir='ltr'><strong>Asiae]</strong></span> <span class='ocrx_word' id='word_1_334' title='bbox 2152 3844 2165 3869; x_wconf 75' lang='lat'>⁸</span> <span class='ocrx_word' id='word_1_335' title='bbox 2180 3840 2235 3890; x_wconf 84' lang='lat' dir='ltr'><strong>in</strong></span> <span class='ocrx_word' id='word_1_336' title='bbox 2264 3841 2350 3919; x_wconf 79' lang='lat' dir='ltr'><strong>the</strong></span> <span class='ocrx_word' id='word_1_337' title='bbox 2375 3841 2471 3890; x_wconf 82' lang='lat' dir='ltr'><strong>full</strong></span> <span class='ocrx_word' id='word_1_338' title='bbox 2491 3840 2714 3918; x_wconf 40' lang='lat' dir='ltr'><strong>blato-of</strong></span> 
     </span>
     <span class='ocr_line' id='line_1_34' title="bbox 300 3903 2705 4047; baseline -0.001 -26"><span class='ocrx_word' id='word_1_339' title='bbox 300 3905 1077 4047; x_wconf 47' lang='lat' dir='ltr'><strong>ammes&gt;</strong></span> <span class='ocrx_word' id='word_1_340' title='bbox 1123 3903 1455 4045; x_wconf 44' lang='grc' dir='ltr'><strong>ηπηι</strong></span> <span class='ocrx_word' id='word_1_341' title='bbox 1553 3903 1764 4045; x_wconf 64' lang='grc' dir='ltr'><strong>ιη,</strong></span> <span class='ocrx_word' id='word_1_342' title='bbox 1892 3904 2044 4019; x_wconf 61' lang='grc' dir='ltr'><strong>ηεξ,</strong></span> <span class='ocrx_word' id='word_1_343' title='bbox 2064 3907 2705 4034; x_wconf 46' lang='lat' dir='ltr'><strong>ww*</strong></span> 
     </span>
     <span class='ocr_line' id='line_1_35' title="bbox 304 4033 2702 4111; baseline -0.001 -25"><span class='ocrx_word' id='word_1_344' title='bbox 304 4037 523 4100; x_wconf 73' lang='lat' dir='ltr'><strong>depende</strong></span> <span class='ocrx_word' id='word_1_345' title='bbox 544 4051 607 4086; x_wconf 88' lang='lat' dir='ltr'><strong>cn</strong></span> <span class='ocrx_word' id='word_1_346' title='bbox 630 4051 696 4084; x_wconf 84' lang='lat' dir='ltr'><strong>an</strong></span> <span class='ocrx_word' id='word_1_347' title='bbox 717 4033 905 4099; x_wconf 82' lang='lat' dir='ltr'><strong>elhpse.</strong></span> <span class='ocrx_word' id='word_1_348' title='bbox 942 4033 1149 4111; x_wconf 73' lang='lat' dir='ltr'><strong>Having</strong></span> <span class='ocrx_word' id='word_1_349' title='bbox 1168 4034 1454 4110; x_wconf 72' lang='lat' dir='ltr'><strong>mentioned</strong></span> <span class='ocrx_word' id='word_1_350' title='bbox 1603 4050 1673 4109; x_wconf 39' lang='lat' dir='ltr'><strong>‚m</strong></span> <span class='ocrx_word' id='word_1_351' title='bbox 1717 4033 1938 4101; x_wconf 67' lang='lat' dir='ltr'><strong>auribus]</strong></span> <span class='ocrx_word' id='word_1_352' title='bbox 2027 4033 2121 4099; x_wconf 86' lang='lat' dir='ltr'><strong>Cp.</strong></span> <span class='ocrx_word' id='word_1_353' title='bbox 2168 4037 2221 4083; x_wconf 79' lang='lat' dir='ltr'><strong>in</strong></span> <span class='ocrx_word' id='word_1_354' title='bbox 2263 4037 2435 4084; x_wconf 69' lang='lat' dir='ltr'><strong>vestris</strong></span> <span class='ocrx_word' id='word_1_355' title='bbox 2487 4036 2702 4098; x_wconf 66' lang='lat' dir='ltr'><strong>auribus,</strong></span> 
     </span>
     <span class='ocr_line' id='line_1_36' title="bbox 303 4097 1860 4176; baseline -0.003 -24"><span class='ocrx_word' id='word_1_356' title='bbox 303 4103 401 4152; x_wconf 87' lang='lat' dir='ltr'><strong>the</strong></span> <span class='ocrx_word' id='word_1_357' title='bbox 422 4103 734 4176; x_wconf 57' lang='lat' dir='ltr'><strong>negotiatores</strong></span> <span class='ocrx_word' id='word_1_358' title='bbox 762 4100 860 4176; x_wconf 75' lang='lat' dir='ltr'><strong>and</strong></span> <span class='ocrx_word' id='word_1_359' title='bbox 874 4100 1123 4176; x_wconf 67' lang='lat' dir='ltr'><strong>publicam</strong></span> <span class='ocrx_word' id='word_1_360' title='bbox 1144 4115 1199 4149; x_wconf 87' lang='lat' dir='ltr'><strong>as</strong></span> <span class='ocrx_word' id='word_1_361' title='bbox 1220 4098 1377 4163; x_wconf 76' lang='lat' dir='ltr'><strong>likely</strong></span> <span class='ocrx_word' id='word_1_362' title='bbox 1400 4103 1455 4148; x_wconf 83' lang='lat' dir='ltr'><strong>tc</strong></span> <span class='ocrx_word' id='word_1_363' title='bbox 1554 4097 1674 4147; x_wconf 73' lang='lat' dir='ltr'><strong>Fui.</strong></span> <span class='ocrx_word' id='word_1_364' title='bbox 1699 4114 1752 4148; x_wconf 81' lang='lat' dir='ltr'><strong>v.</strong></span> <span class='ocrx_word' id='word_1_365' title='bbox 1780 4097 1860 4175; x_wconf 49' lang='lat'><strong>25.</strong></span> 
     </span>
     <span class='ocr_line' id='line_1_37' title="bbox 306 4162 2708 4241; baseline -0.001 -25"><span class='ocrx_word' id='word_1_366' title='bbox 306 4166 368 4216; x_wconf 91' lang='lat' dir='ltr'><strong>be</strong></span> <span class='ocrx_word' id='word_1_367' title='bbox 412 4166 576 4241; x_wconf 44' lang='lat' dir='ltr'><strong>easily·</strong></span> <span class='ocrx_word' id='word_1_368' title='bbox 602 4164 724 4241; x_wconf 60' lang='lat' dir='ltr'><strong>lfept</strong></span> <span class='ocrx_word' id='word_1_369' title='bbox 755 4163 936 4214; x_wconf 69' lang='lat' dir='ltr'><strong>within</strong></span> <span class='ocrx_word' id='word_1_370' title='bbox 968 4163 1177 4227; x_wconf 80' lang='lat' dir='ltr'><strong>bcunds,</strong></span> <span class='ocrx_word' id='word_1_371' title='bbox 1212 4163 1278 4214; x_wconf 87' lang='lat' dir='ltr'><strong>he</strong></span> <span class='ocrx_word' id='word_1_372' title='bbox 1309 4163 1447 4224; x_wconf 83' lang='lat' dir='ltr'><strong>adds,</strong></span> <span class='ocrx_word' id='word_1_373' title='bbox 1555 4225 1569 4239; x_wconf 38' lang='lat'><em>⁶</em></span> <span class='ocrx_word' id='word_1_374' title='bbox 1608 4162 1828 4229; x_wconf 74' lang='lat' dir='ltr'><strong>proteri]</strong></span> <span class='ocrx_word' id='word_1_375' title='bbox 1914 4167 1929 4192; x_wconf 84' lang='lat'>‘</span> <span class='ocrx_word' id='word_1_376' title='bbox 1942 4167 1996 4214; x_wconf 77' lang='lat' dir='ltr'><strong>tc</strong></span> <span class='ocrx_word' id='word_1_377' title='bbox 2030 4162 2094 4214; x_wconf 89' lang='lat' dir='ltr'><strong>be</strong></span> <span class='ocrx_word' id='word_1_378' title='bbox 2127 4163 2366 4228; x_wconf 75' lang='lat' dir='ltr'><strong>trampled</strong></span> <span class='ocrx_word' id='word_1_379' title='bbox 2406 4164 2571 4241; x_wconf 64' lang='lat' dir='ltr'><strong>under</strong></span> <span class='ocrx_word' id='word_1_380' title='bbox 2599 4163 2708 4214; x_wconf 75' lang='lat' dir='ltr'><strong>scot</strong></span> 
     </span>
     <span class='ocr_line' id='line_1_38' title="bbox 305 4227 2703 4306; baseline -0 -26"><span class='ocrx_word' id='word_1_381' title='bbox 305 4231 391 4281; x_wconf 78' lang='lat' dir='ltr'><strong>the</strong></span> <span class='ocrx_word' id='word_1_382' title='bbox 428 4245 704 4305; x_wconf 70' lang='lat' dir='ltr'><strong>remaining</strong></span> <span class='ocrx_word' id='word_1_383' title='bbox 738 4229 950 4279; x_wconf 83' lang='lat' dir='ltr'><strong>clement</strong></span> <span class='ocrx_word' id='word_1_384' title='bbox 972 4228 1028 4279; x_wconf 82' lang='lat' dir='ltr'><strong>cf</strong></span> <span class='ocrx_word' id='word_1_385' title='bbox 1056 4228 1142 4305; x_wconf 75' lang='lat' dir='ltr'><strong>the</strong></span> <span class='ocrx_word' id='word_1_386' title='bbox 1178 4227 1454 4305; x_wconf 78' lang='lat' dir='ltr'><strong>prqvincial</strong></span> <span class='ocrx_word' id='word_1_387' title='bbox 1551 4242 1608 4276; x_wconf 85' lang='lat' dir='ltr'><strong>ui</strong></span> <span class='ocrx_word' id='word_1_388' title='bbox 1629 4243 1757 4304; x_wconf 76' lang='lat' dir='ltr'><strong>your</strong></span> <span class='ocrx_word' id='word_1_389' title='bbox 1783 4242 2007 4304; x_wconf 75' lang='lat' dir='ltr'><strong>progr-ess</strong></span> <span class='ocrx_word' id='word_1_390' title='bbox 2037 4228 2254 4304; x_wconf 70' lang='lat' dir='ltr'><strong>through</strong></span> <span class='ocrx_word' id='word_1_391' title='bbox 2279 4245 2406 4294; x_wconf 74' lang='lat' dir='ltr'><strong>your</strong></span> <span class='ocrx_word' id='word_1_392' title='bbox 2420 4229 2703 4306; x_wconf 60' lang='lat' dir='ltr'><strong>province)</strong></span> 
     </span>
     <span class='ocr_line' id='line_1_39' title="bbox 304 4292 2714 4372; baseline -0.001 -28"><span class='ocrx_word' id='word_1_393' title='bbox 304 4296 614 4372; x_wconf 82' lang='lat' dir='ltr'><strong>population,</strong></span> <span class='ocrx_word' id='word_1_394' title='bbox 640 4294 725 4344; x_wconf 82' lang='lat' dir='ltr'><strong>the</strong></span> <span class='ocrx_word' id='word_1_395' title='bbox 749 4293 951 4354; x_wconf 74' lang='lat' dir='ltr'><strong>Gmeks,</strong></span> <span class='ocrx_word' id='word_1_396' title='bbox 976 4292 1003 4342; x_wconf 94' lang='lat'>1</span> <span class='ocrx_word' id='word_1_397' title='bbox 1025 4292 1132 4343; x_wconf 74' lang='lat' dir='ltr'><strong>vin</strong></span> <span class='ocrx_word' id='word_1_398' title='bbox 1145 4298 1235 4343; x_wconf 87' lang='lat' dir='ltr'><strong>not</strong></span> <span class='ocrx_word' id='word_1_399' title='bbox 1253 4292 1455 4368; x_wconf 71' lang='lat' dir='ltr'><strong>include</strong></span> <span class='ocrx_word' id='word_1_400' title='bbox 1551 4293 1747 4368; x_wconf 60' lang='grc' dir='ltr'><strong>,Ρνοεοζι</strong></span> <span class='ocrx_word' id='word_1_401' title='bbox 1801 4308 1846 4343; x_wconf 84' lang='lat' dir='ltr'><strong>is</strong></span> <span class='ocrx_word' id='word_1_402' title='bbox 1901 4292 1987 4343; x_wconf 85' lang='lat' dir='ltr'><strong>the</strong></span> <span class='ocrx_word' id='word_1_403' title='bbox 2039 4293 2260 4344; x_wconf 71' lang='lat' dir='ltr'><strong>brilliant</strong></span> <span class='ocrx_word' id='word_1_404' title='bbox 2321 4302 2603 4360; x_wconf 72' lang='lat' dir='ltr'><strong>conjecture</strong></span> <span class='ocrx_word' id='word_1_405' title='bbox 2656 4295 2714 4344; x_wconf 86' lang='lat' dir='ltr'><strong>of</strong></span> 
     </span>
     <span class='ocr_line' id='line_1_40' title="bbox 305 4355 2708 4422; baseline -0.001 -12"><span class='ocrx_word' id='word_1_406' title='bbox 305 4376 361 4410; x_wconf 86' lang='lat' dir='ltr'><strong>in</strong></span> <span class='ocrx_word' id='word_1_407' title='bbox 382 4360 468 4410; x_wconf 87' lang='lat' dir='ltr'><strong>the</strong></span> <span class='ocrx_word' id='word_1_408' title='bbox 489 4375 622 4409; x_wconf 85' lang='lat' dir='ltr'><strong>same</strong></span> <span class='ocrx_word' id='word_1_409' title='bbox 642 4359 948 4421; x_wconf 72' lang='lat' dir='ltr'><strong>class—they</strong></span> <span class='ocrx_word' id='word_1_410' title='bbox 967 4357 1074 4408; x_wconf 74' lang='lat' dir='ltr'><strong>vin</strong></span> <span class='ocrx_word' id='word_1_411' title='bbox 1095 4358 1157 4407; x_wconf 88' lang='lat' dir='ltr'><strong>be</strong></span> <span class='ocrx_word' id='word_1_412' title='bbox 1179 4356 1316 4407; x_wconf 85' lang='lat' dir='ltr'><strong>filled</strong></span> <span class='ocrx_word' id='word_1_413' title='bbox 1329 4357 1455 4407; x_wconf 77' lang='lat' dir='ltr'><strong>with</strong></span> <span class='ocrx_word' id='word_1_414' title='bbox 1556 4356 1724 4407; x_wconf 84' lang='lat' dir='ltr'><strong>Orsim</strong></span> <span class='ocrx_word' id='word_1_415' title='bbox 1776 4355 1857 4407; x_wconf 77' lang='lat' dir='ltr'><strong>fcr</strong></span> <span class='ocrx_word' id='word_1_416' title='bbox 1891 4360 2188 4418; x_wconf 64' lang='lat' dir='ltr'><strong>perterreret</strong></span> <span class='ocrx_word' id='word_1_417' title='bbox 2246 4358 2293 4407; x_wconf 82' lang='lat' dir='ltr'><strong>if</strong></span> <span class='ocrx_word' id='word_1_418' title='bbox 2332 4374 2408 4408; x_wconf 80' lang='lat' dir='ltr'><strong>we</strong></span> <span class='ocrx_word' id='word_1_419' title='bbox 2450 4360 2708 4422; x_wconf 82' lang='lat' dir='ltr'><strong>preserved</strong></span> 
     </span>
     <span class='ocr_line' id='line_1_41' title="bbox 304 4421 2706 4498; baseline -0.001 -22"><span class='ocrx_word' id='word_1_420' title='bbox 304 4425 393 4476; x_wconf 82' lang='lat' dir='ltr'><strong>the</strong></span> <span class='ocrx_word' id='word_1_421' title='bbox 414 4424 615 4490; x_wconf 77' lang='lat' dir='ltr'><strong>highest</strong></span> <span class='ocrx_word' id='word_1_422' title='bbox 644 4422 950 4474; x_wconf 75' lang='lat' dir='ltr'><strong>enthusianm</strong></span> <span class='ocrx_word' id='word_1_423' title='bbox 978 4422 1056 4472; x_wconf 83' lang='lat' dir='ltr'><strong>fcr</strong></span> <span class='ocrx_word' id='word_1_424' title='bbox 1083 4438 1202 4487; x_wconf 77' lang='lat' dir='ltr'><strong>you,</strong></span> <span class='ocrx_word' id='word_1_425' title='bbox 1229 4423 1329 4472; x_wconf 83' lang='lat' dir='ltr'><strong>and</strong></span> <span class='ocrx_word' id='word_1_426' title='bbox 1350 4421 1457 4472; x_wconf 82' lang='lat' dir='ltr'><strong>will</strong></span> <span class='ocrx_word' id='word_1_427' title='bbox 1546 4423 1817 4498; x_wconf 61' lang='lat' dir='ltr'><strong>perterreri</strong></span> <span class='ocrx_word' id='word_1_428' title='bbox 1861 4437 1938 4471; x_wconf 77' lang='lat' dir='ltr'><strong>we</strong></span> <span class='ocrx_word' id='word_1_429' title='bbox 1980 4422 2158 4472; x_wconf 77' lang='lat' dir='ltr'><strong>should</strong></span> <span class='ocrx_word' id='word_1_430' title='bbox 2204 4422 2333 4473; x_wconf 80' lang='lat' dir='ltr'><strong>have</strong></span> <span class='ocrx_word' id='word_1_431' title='bbox 2374 4439 2405 4473; x_wconf 74' lang='lat' dir='ltr'><strong>a</strong></span> <span class='ocrx_word' id='word_1_432' title='bbox 2447 4423 2706 4487; x_wconf 87' lang='lat' dir='ltr'><strong>repetition</strong></span> 
     </span>
     <span class='ocr_line' id='line_1_42' title="bbox 303 4486 2708 4565; baseline -0.001 -26"><span class='ocrx_word' id='word_1_433' title='bbox 303 4505 458 4541; x_wconf 82' lang='lat' dir='ltr'><strong>never</strong></span> <span class='ocrx_word' id='word_1_434' title='bbox 510 4489 637 4539; x_wconf 85' lang='lat' dir='ltr'><strong>need</strong></span> <span class='ocrx_word' id='word_1_435' title='bbox 691 4503 723 4538; x_wconf 84' lang='lat' dir='ltr'><strong>a</strong></span> <span class='ocrx_word' id='word_1_436' title='bbox 778 4486 1040 4539; x_wconf 76' lang='lat' dir='ltr'><strong>conti-omn</strong></span> <span class='ocrx_word' id='word_1_437' title='bbox 1067 4551 1079 4564; x_wconf 37' lang='lat'><strong>⁹</strong></span> <span class='ocrx_word' id='word_1_438' title='bbox 1115 4486 1264 4564; x_wconf 73' lang='lat' dir='ltr'><strong>band.</strong></span> <span class='ocrx_word' id='word_1_439' title='bbox 1349 4486 1458 4538; x_wconf 86' lang='lat' dir='ltr'><strong>The</strong></span> <span class='ocrx_word' id='word_1_440' title='bbox 1555 4486 1819 4549; x_wconf 76' lang='lat' dir='ltr'><strong>involving</strong></span> <span class='ocrx_word' id='word_1_441' title='bbox 1859 4502 1926 4536; x_wconf 83' lang='lat' dir='ltr'><strong>an</strong></span> <span class='ocrx_word' id='word_1_442' title='bbox 1970 4486 2270 4565; x_wconf 47' lang='lat' dir='ltr'><strong>antielimax·</strong></span> <span class='ocrx_word' id='word_1_443' title='bbox 2312 4488 2366 4537; x_wconf 88' lang='lat' dir='ltr'><strong>in</strong></span> <span class='ocrx_word' id='word_1_444' title='bbox 2421 4489 2507 4538; x_wconf 88' lang='lat' dir='ltr'><strong>the</strong></span> <span class='ocrx_word' id='word_1_445' title='bbox 2549 4489 2708 4563; x_wconf 80' lang='lat' dir='ltr'><strong>words</strong></span> 
     </span>
     <span class='ocr_line' id='line_1_43' title="bbox 309 4551 2706 4620; baseline -0.001 -15"><span class='ocrx_word' id='word_1_446' title='bbox 309 4554 500 4605; x_wconf 80' lang='lat' dir='ltr'><strong>Greeks</strong></span> <span class='ocrx_word' id='word_1_447' title='bbox 522 4568 653 4604; x_wconf 75' lang='lat' dir='ltr'><strong>were</strong></span> <span class='ocrx_word' id='word_1_448' title='bbox 673 4556 762 4604; x_wconf 82' lang='lat' dir='ltr'><strong>not</strong></span> <span class='ocrx_word' id='word_1_449' title='bbox 781 4552 935 4620; x_wconf 76' lang='lat' dir='ltr'><strong>chary</strong></span> <span class='ocrx_word' id='word_1_450' title='bbox 955 4551 1012 4604; x_wconf 69' lang='lat' dir='ltr'><strong>ci</strong></span> <span class='ocrx_word' id='word_1_451' title='bbox 1082 4567 1199 4604; x_wconf 80' lang='lat' dir='ltr'><strong>vine</strong></span> <span class='ocrx_word' id='word_1_452' title='bbox 1218 4551 1454 4603; x_wconf 79' lang='lat' dir='ltr'><strong>honours.</strong></span> <span class='ocrx_word' id='word_1_453' title='bbox 1556 4553 1764 4602; x_wconf 61' lang='lat' dir='ltr'><strong>advectu</strong></span> <span class='ocrx_word' id='word_1_454' title='bbox 1784 4567 2052 4602; x_wconf 67' lang='lat' dir='ltr'><strong>commoveri</strong></span> <span class='ocrx_word' id='word_1_455' title='bbox 2073 4554 2408 4619; x_wconf 79' lang='lat' dir='ltr'><strong>immediately</strong></span> <span class='ocrx_word' id='word_1_456' title='bbox 2428 4554 2706 4618; x_wconf 79' lang='lat' dir='ltr'><strong>followmg.</strong></span> 
     </span>
    </p>
   </div>
  </div>
 </body>
</html>
