3229 5145
976 445 1121 527 ΕΡζ
1168 461 1431 528 LXVI.
1482 461 1585 545 (Q.
1617 462 1758 527 ΕΒ.
1792 461 1853 524 I.
1886 462 1978 543 3.)
2570 458 2694 524 361

284 641 353 704 te
392 635 669 704 civitatis
706 639 773 703 et
803 635 1048 721 aliquid
1075 634 1272 702 etiam
1309 634 1809 701 misericordiam
1837 632 2040 700 nostri
2068 630 2370 719 praesidii
2398 631 2695 697 laturam.

289 740 408 806 Sin
459 739 583 806 eris
633 738 714 806 ab
757 740 882 805 isto
927 738 1208 826 periculo
1247 761 1505 819 vacuus,
1549 760 1702 825 ages
1751 737 2009 816 scilicet,
2060 737 2114 801 si
2155 736 2312 822 quid
2362 735 2472 822 agi
2517 756 2700 822 posse

290 845 372 911 de
399 843 585 910 nobis
623 842 901 929 putabis.
989 842 1094 908 De
1135 864 1262 928 quo
1302 840 1590 908 scribunt
1620 841 1705 907 ad
1736 862 1841 907 me
1880 839 2141 926 quidem
2171 839 2364 904 multi
2390 839 2599 904 multa
2637 841 2704 904 et

290 969 359 1013 se
406 968 659 1034 sperare
705 948 1168 1027 demonstrant,
1215 947 1327 1012 sed
1371 967 1491 1032 ego
1535 945 1695 1031 quid
1738 966 1988 1032 sperem
2029 966 2163 1010 non
2214 942 2501 1029 dispicio,
2555 964 2702 1009 cum

288 1050 538 1117 inimici
579 1049 934 1137 plurimum
978 1050 1254 1130 valeant,
1314 1047 1505 1114 amici
1546 1047 1786 1134 partim
1845 1046 2240 1113 deseruerint
2290 1069 2414 1126 me,
2463 1044 2703 1132 partim

292 1153 493 1221 etiam
530 1152 950 1239 prodiderint,
996 1152 1109 1238 qui
1145 1153 1216 1218 in
1256 1173 1399 1218 meo
1442 1151 1659 1218 reditu
1698 1150 1964 1216 fortasse
2006 1149 2560 1236 reprehensionem
2603 1147 2704 1214 sui

293 1257 545 1324 sceleris
594 1256 1064 1343 pertimescant.
1178 1254 1308 1322 Sed
1352 1255 1478 1321 ista
1534 1253 1754 1340 qualia
1809 1253 1941 1320 sint
1990 1258 2069 1321 tu
2117 1253 2313 1320 velim
2363 1251 2705 1339 perspicias

293 1358 581 1446 mihique
628 1359 924 1425 declares.
1012 1357 1162 1445 Ego
1206 1362 1447 1438 tamen,
1492 1379 1687 1444 quam
1733 1357 1848 1424 diu
1888 1356 2013 1424 tibi
2054 1379 2215 1444 opus
2256 1357 2400 1436 erit,
2446 1355 2502 1422 si
2545 1356 2704 1442 quid

293 1462 563 1550 periculi
604 1461 1009 1529 subeundum
1048 1461 1313 1542 videbis,
1352 1461 1608 1528 vivam:
1655 1459 1900 1527 diutius
1940 1460 2013 1526 in
2054 1459 2176 1527 hac
2217 1460 2355 1525 vita
2395 1480 2530 1525 esse
2570 1481 2705 1525 non

294 1588 573 1654 possum.
662 1564 896 1652 Neque
925 1565 1100 1631 enim
1127 1569 1386 1632 tantum
1412 1565 1653 1631 virium
1679 1563 1876 1631 habet
1901 1564 2039 1630 ulla
2077 1571 2191 1630 aut
2218 1562 2563 1651 prudentia
2590 1566 2706 1628 aut

295 1670 609 1751 doctrina,
654 1675 728 1735 ut
775 1675 1033 1735 tantum
1083 1670 1369 1735 dolorem
1409 1668 1610 1755 possit
1662 1669 1992 1735 sustinere.
2085 1669 2146 1733 6.
2194 1666 2338 1733 Scio
2385 1665 2582 1731 fuisse
2639 1669 2707 1732 et

296 1772 626 1840 honestius
668 1773 985 1838 moriendi
1028 1777 1283 1859 tempus
1337 1776 1403 1839 et
1444 1771 1689 1852 utilius,
1734 1772 1846 1838 sed
1889 1794 2022 1838 non
2065 1771 2184 1838 hoc
2227 1771 2454 1851 solum,
2498 1769 2707 1836 multa

293 1875 427 1944 alia
470 1877 887 1964 praetermisi,
937 1898 1101 1963 quae
1147 1876 1202 1941 si
1247 1876 1429 1961 queri
1470 1875 1667 1941 velim
1717 1875 2081 1962 praeterita,
2126 1874 2294 1940 nihil
2345 1895 2537 1960 agam
2578 1871 2707 1939 nisi

297 1984 375 2047 ut
403 2002 679 2067 augeam
706 1980 989 2046 dolorem
1011 1984 1219 2060 tuum,
1241 1977 1521 2046 indicem
1548 1978 1895 2045 stultitiam
1917 2000 2151 2045 meam.
2242 1976 2424 2043 Illud
2447 1976 2708 2062 quidem

226 2138 231 2147 .
298 2107 418 2150 nec
469 2084 837 2149 faciendum
887 2087 983 2149 est
1029 2106 1145 2149 nec
1194 2083 1336 2148 fieri
1378 2086 1609 2169 potest,
1657 2104 1761 2148 me
1808 2082 2071 2163 diutius,
2121 2103 2318 2167 quam
2361 2086 2476 2145 aut
2518 2084 2708 2145 tuum

301 2193 557 2274 tempus
596 2190 713 2252 aut
740 2188 927 2252 firma
965 2209 1106 2272 spes
1133 2185 1503 2272 postulabit,
1533 2185 1606 2251 in
1635 2190 1772 2251 tam
1799 2185 2031 2251 misera
2067 2193 2329 2270 tamque
2367 2183 2545 2270 turpi
2573 2183 2709 2249 vita

299 2290 696 2371 commorari,
750 2296 844 2370 ut,
898 2291 1011 2375 qui
1061 2291 1253 2355 modo
1304 2289 1504 2355 fratre
1555 2289 1812 2369 fuerim,
1864 2289 2099 2369 liberis,
2159 2289 2452 2375 coniuge,
2511 2286 2708 2372 copiis

297 2415 536 2481 genere
573 2393 712 2480 ipso
750 2393 1058 2480 pecuniae
1095 2391 1519 2473 beatissimus,
1560 2392 1902 2480 dignitate,
1943 2393 2341 2472 auctoritate,
2382 2390 2705 2456 existima-

299 2496 496 2579 tione,
537 2498 751 2585 gratia
791 2519 923 2562 non
961 2495 1229 2563 inferior
1272 2518 1467 2583 quam
1506 2495 1620 2582 qui
1658 2518 1966 2583 umquam
2005 2495 2269 2562 fuerunt
2309 2492 2705 2580 amplissimi,

300 2601 358 2668 is
398 2625 575 2668 nunc
616 2602 688 2667 in
730 2601 851 2667 hac
892 2607 1028 2667 tam
1073 2600 1331 2667 adflicta
1372 2599 1749 2686 perditaque
1794 2599 2057 2665 fortuna
2098 2622 2307 2685 neque
2350 2620 2455 2663 me
2498 2619 2708 2682 neque

300 2727 478 2771 meos
515 2705 736 2791 lugere
778 2704 1024 2770 diutius
1061 2705 1318 2791 possim.
1410 2705 1471 2769 7.
1521 2703 1670 2776 Qua
1707 2725 1776 2769 re
1821 2703 1978 2788 quid
2016 2704 2100 2768 ad
2136 2725 2238 2767 me
2283 2699 2588 2786 scripsisti
2626 2700 2708 2766 de

303 2808 773 2894 permutatione
792 2809 824 2873 Ρ
868 2807 1051 2893 quasi
1080 2830 1226 2874 vero
1265 2829 1438 2873 nunc
1475 2829 1579 2873 me
1613 2828 1745 2872 non
1774 2810 1925 2872 tuae
1952 2806 2292 2872 facultates
2330 2804 2706 2885 sustineant,

301 2934 435 2999 qua
460 2912 532 2977 in
561 2935 630 2978 re
664 2912 806 2998 ipsa
842 2912 1029 2978 video
1066 2912 1259 2977 miser
1296 2916 1362 2977 et
1400 2910 1605 2977 sentio
1648 2909 1803 2997 quid
1843 2909 2093 2975 sceleris
2136 2908 2520 2989 admiserim,
2560 2929 2708 2974 cum

368 3087 414 3129 ee
435 3082 627 3143 aliquid
642 3078 812 3146 etiam]
879 3079 985 3130 The
1017 3081 1160 3130 order
1178 3080 1221 3130 is
1244 3087 1289 3130 et
1311 3083 1455 3130 etiam
1550 3096 1733 3144 qenes-0,
1759 3078 2028 3144 supposing
2055 3096 2088 3130 a
2114 3078 2363 3130 reference
2384 3084 2438 3129 to
2459 3078 2589 3141 Piso,
2616 3078 2711 3130 but

306 3146 681 3196 misericordiam
692 3146 848 3195 nostri
861 3148 1054 3208 aliquid
1060 3148 1301 3208 praesidii
1322 3146 1452 3211 (tibi)
1553 3145 1643 3196 the
1678 3146 1821 3196 order
1856 3144 1912 3195 of
1947 3143 2034 3195 the
2072 3145 2232 3195 words
2274 3144 2450 3194 should
2488 3142 2610 3193 then
2646 3143 2709 3195 be

307 3213 535 3260 laturam.
1554 3210 1795 3274 changed,
1819 3210 1918 3259 and
1931 3213 2140 3271 pecunia
2172 3210 2318 3259 could
2338 3209 2516 3273 hardly
2540 3209 2600 3258 be
2629 3223 2707 3258 re-

362 3273 602 3340 periente]
637 3273 744 3324 The
760 3274 1069 3338 prosecution
1090 3274 1171 3324 for
1189 3274 1455 3326 malt-ersa-
1554 3274 1739 3326 tained.
1807 3273 1914 3325 The
1936 3274 2096 3325 whole
2126 3281 2371 3332 sentence,
2397 3280 2452 3322 ut
2473 3277 2556 3335 qui
2579 3275 2709 3323 modo

306 3340 416 3390 tion
447 3339 500 3388 in
532 3339 612 3389 his
643 3341 876 3403 province
906 3339 1029 3388 with
1062 3338 1226 3389 which
1257 3339 1321 3390 he
1354 3356 1456 3391 was
1559 3377 1572 3389 .
1602 3376 1616 3389 .
1649 3377 1661 3388 .
1687 3341 1873 3389 diutius
1909 3342 2105 3401 possim,
2141 3339 2186 3389 is
2217 3355 2279 3388 ve
2372 3339 2560 3402 loosely
2591 3353 2707 3388 con·

308 3403 593 3454 threatened
629 3405 700 3469 by
733 3405 926 3469 Appius
970 3403 1221 3464 Claudius,
1270 3419 1359 3454 son
1401 3404 1457 3455 of
1554 3406 1802 3455 structed:
1859 3403 1935 3453 ‘it
1976 3403 2021 3453 is
2073 3403 2306 3468 impossib
2327 3419 2355 3454 e
2403 3403 2484 3454 for
2530 3418 2609 3452 me
2656 3407 2710 3452 to

306 3468 528 3519 Clodius.
1552 3468 1716 3534 linger
1750 3469 1923 3532 longer
1957 3469 2082 3519 than
2126 3485 2254 3534 your
2288 3470 2437 3519 needs
2479 3483 2535 3517 or
2576 3483 2710 3517 some

371 3549 506 3596 quom
533 3535 619 3582 diu
647 3535 735 3583 tibi
765 3549 880 3596 opus
911 3532 1028 3600 erit]
1097 3532 1268 3583 Cicero
1300 3548 1457 3583 seems
1554 3533 1882 3598 trustworthy
1901 3532 2029 3597 hope
2060 3550 2177 3599 may
2208 3541 2439 3594 wan-ant,
2465 3533 2521 3582 in
2554 3547 2585 3582 a
2618 3531 2711 3582 life

306 3603 361 3648 to
388 3597 517 3649 have
545 3597 763 3662 thought
789 3598 845 3649 of
876 3598 1078 3663 writing
1110 3615 1140 3648 a
1172 3598 1349 3662 speech
1377 3598 1458 3648 for
1556 3614 1611 3648 so
1626 3598 1885 3648 miserable
1907 3600 2005 3649 and
2025 3598 2374 3662 ignominious‚
2391 3598 2504 3647 that
2525 3595 2554 3645 1
2577 3596 2711 3659 (who

307 3662 386 3712 his
406 3663 624 3724 brother,
646 3663 702 3712 in
723 3663 927 3714 defence
956 3664 1012 3714 of
1038 3663 1118 3713 his
1139 3663 1453 3714 administra-
1558 3679 1661 3712 was
1692 3679 1814 3713 once
1847 3677 1902 3712 so
1933 3663 2061 3712 blest
2089 3663 2142 3712 in
2171 3664 2366 3726 family,
2395 3662 2504 3720 δια,
2535 3661 2635 3710 and
2654 3661 2710 3710 in

310 3728 432 3778 tion.
1555 3728 1700 3788 rank,
1723 3727 1989 3784 character,
2014 3730 2112 3777 and
2135 3727 2413 3790 reputation
2435 3741 2490 3775 as
2512 3724 2635 3789 high
2656 3741 2712 3775 ss

372 3790 625 3858 munere]
695 3797 711 3822 ‘
730 3800 784 3843 to
825 3792 943 3843 bear
983 3809 1053 3857 up
1095 3792 1344 3857 against:’
1385 3791 1454 3843 cf.
1556 3808 1674 3842 ever
1703 3808 1807 3843 was
1837 3807 2050 3858 anyone,
2079 3793 2142 3843 be
2173 3793 2236 3842 he
2270 3807 2420 3841 never
2447 3805 2502 3839 so
2533 3788 2711 3839 distin-

310 3856 372 3913 Q.
398 3857 484 3907 Fr.
509 3858 544 3906 i.
574 3862 617 3919 1,
650 3861 724 3906 19.
1557 3856 1805 3921 guished),
1838 3872 1964 3907 even
1989 3857 2034 3918 1,
2067 3873 2161 3907 can
2182 3872 2249 3906 no
2278 3856 2450 3919 longer
2478 3869 2541 3917 go
2569 3869 2636 3904 on
2655 3853 2713 3903 in

377 3925 425 3972 6.
461 3937 628 3985 ymera
650 3925 751 3984 ipso
766 3921 1015 3988 pecuniae]
1085 3924 1099 3951 ‘
1119 3921 1248 3972 blest
1269 3921 1323 3971 in
1343 3921 1458 3971 bro·
1560 3938 1649 3986 my
1680 3921 1890 3972 orushed
1933 3922 2030 3971 and
2062 3921 2237 3971 ruined
2274 3926 2401 3970 state
2437 3917 2713 3983 lamenting

308 3985 435 4044 ther,
473 3986 712 4050 children,
750 3987 884 4048 wife,
922 3989 1296 4052 fortune—aye,
1335 4002 1462 4036 even
1560 3986 1648 4037 the
1669 3985 1763 4037 fall
1784 3986 1840 4036 of
1859 3986 2042 4051 myself
2062 3988 2159 4036 and
2182 4001 2267 4049 my
2284 3984 2501 4047 family!
2570 3982 2710 4042 This,

313 4052 367 4100 in
395 4051 481 4102 the
512 4067 633 4116 very
656 4059 827 4101 nature
858 4055 912 4101 of
944 4067 1030 4116 my
1052 4051 1267 4111 wealth‚’
1296 4051 1462 4101 which
1563 4051 1733 4116 surely
1775 4051 1820 4101 is
1849 4068 1880 4102 a
1908 4057 2136 4101 sentence
2166 4049 2330 4099 which
2354 4049 2525 4099 Cicero
2546 4047 2713 4099 would

311 4131 416 4165 was
437 4132 551 4167 won
571 4117 605 4165 b
662 4117 963 4168 honourable
982 4132 1167 4178 means,
1193 4131 1248 4166 so
1268 4115 1377 4167 that
1397 4116 1461 4166 he
1561 4132 1715 4166 never
1735 4089 1864 4166 have
1888 4115 2089 4166 written
2109 4115 2162 4165 in
2186 4114 2264 4164 his
2287 4113 2492 4178 happier
2512 4113 2576 4163 da
2640 4148 2653 4161 .

312 4179 412 4230 had
440 4197 506 4230 an
534 4197 603 4230 un
639 4182 873 4232 lemished
903 4182 1154 4232 character
1187 4182 1284 4232 and
1315 4197 1460 4231 unas-
1629 4183 1676 4235 7.
1700 4182 2121 4243 demutatione
2183 4178 2558 4236 Quintushsdo
2598 4178 2713 4228 ered

310 4245 516 4296 sailable
547 4245 761 4310 position
786 4246 840 4295 in
873 4247 1078 4311 society.
1147 4246 1245 4295 His
1277 4245 1461 4296 wealth
1560 4250 1614 4295 to
1636 4245 1889 4310 negociate
1920 4262 1950 4296 a
1970 4245 2061 4295 bill
2083 4259 2113 4294 o
2167 4244 2420 4308 exchange
2439 4243 2520 4293 for
2542 4242 2714 4294 Cicero

312 4325 469 4360 seems
501 4317 555 4361 to
586 4310 713 4361 have
742 4311 865 4361 been
898 4311 1097 4362 derived
1130 4310 1310 4376 chiefly
1330 4311 1461 4361 from
1560 4309 1618 4360 in
1662 4310 1833 4372 Rome,
1893 4326 1960 4359 on
2003 4309 2081 4359 his
2134 4308 2318 4358 arrival
2359 4307 2514 4358 there.
2605 4307 2713 4359 The

313 4374 399 4425 the
420 4375 556 4440 large
577 4375 786 4439 legacies
815 4375 909 4425 left
933 4377 997 4442 by
1022 4375 1238 4440 grateful
1266 4376 1459 4434 cliente,
1561 4390 1743 4440 money
1759 4374 1923 4425 would
1945 4374 2006 4425 be
2028 4372 2144 4437 paid
2163 4380 2215 4424 to
2240 4373 2410 4424 Cicero
2430 4378 2486 4424 at
2505 4371 2712 4424 Thessa-

314 4440 411 4489 and
434 4440 497 4490 he
527 4440 611 4490 did
632 4448 720 4490 not
741 4440 859 4491 dissi
922 4447 973 4490 te
1000 4442 1079 4490 his
1107 4447 1340 4506 property
1361 4439 1462 4490 like
1561 4439 1741 4489 Ionica.

314 4520 466 4570 many
488 4505 595 4555 rich
627 4521 740 4555 men
769 4506 826 4556 of
852 4457 932 4555 ἔξω
963 4505 1080 4570 day.
1152 4504 1245 4555 See
1267 4503 1459 4555 Introd.
1628 4506 1748 4567 quid
1781 4502 1990 4569 salerio]
2063 4506 2078 4531 ‘
2095 4503 2122 4552 Ι
2155 4519 2236 4552 see
2269 4502 2405 4552 what
2436 4519 2468 4553 a
2501 4503 2651 4553 crime
2686 4501 2711 4552 1

312 4566 350 4618 i.
379 4566 402 4632 ἦ
428 4573 475 4619 2.
544 4569 805 4621 Manutius
819 4570 1133 4637 ingeniously
1148 4568 1466 4635 conjectured
1564 4568 1848 4620 committed
1870 4568 2017 4619 when
2041 4567 2065 4617 1
2090 4569 2412 4633 equandered,
2437 4576 2490 4620 to
2511 4583 2577 4618 no
2596 4583 2712 4632 pm·-
