<?xml version="1.0" encoding="UTF-8"?>
<!DOCTYPE html PUBLIC "-//W3C//DTD XHTML 1.0 Transitional//EN"
    "http://www.w3.org/TR/xhtml1/DTD/xhtml1-transitional.dtd">
<html xmlns="http://www.w3.org/1999/xhtml" xml:lang="en" lang="en">
 <head>
  <title>
</title>
<meta http-equiv="Content-Type" content="text/html;charset=utf-8" />
  <meta name='ocr-system' content='tesseract 3.04.00' />
  <meta name='ocr-capabilities' content='ocr_page ocr_carea ocr_par ocr_line ocrx_word'/>
</head>
<body>
  <div class='ocr_page' id='page_1' title='image "./correspondencem02pursgoog_0362.png"; bbox 0 0 3229 5145; ppageno 0'>
   <div class='ocr_carea' id='block_1_1' title="bbox 556 461 2296 547">
    <p class='ocr_par' dir='ltr' id='par_1_1' title="bbox 556 461 2296 547">
     <span class='ocr_line' id='line_1_1' title="bbox 556 461 2296 547; baseline -0.006 -10"><span class='ocrx_word' id='word_1_1' title='bbox 556 471 686 537; x_wconf 84' lang='lat'><strong>336</strong></span> <span class='ocrx_word' id='word_1_2' title='bbox 1218 467 1366 532; x_wconf 88' lang='grc' dir='ltr'><strong>ΕΡ.</strong></span> <span class='ocrx_word' id='word_1_3' title='bbox 1421 465 1573 531; x_wconf 82' lang='lat' dir='ltr'><strong>LV.</strong></span> <span class='ocrx_word' id='word_1_4' title='bbox 1634 461 1877 547; x_wconf 71' lang='grc' dir='ltr'><strong>(ΕΔΜ.</strong></span> <span class='ocrx_word' id='word_1_5' title='bbox 1913 463 2129 527; x_wconf 87' lang='grc' dir='ltr'><em>ΧΙΙΙ.</em></span> <span class='ocrx_word' id='word_1_6' title='bbox 2163 462 2296 547; x_wconf 62' lang='grc'><strong>41.)</strong></span> 
     </span>
    </p>
   </div>
   <div class='ocr_carea' id='block_1_2' title="bbox 554 635 2986 1247">
    <p class='ocr_par' dir='ltr' id='par_1_2' title="bbox 554 635 2986 1247">
     <span class='ocr_line' id='line_1_2' title="bbox 556 635 2984 729; baseline -0.005 -18"><span class='ocrx_word' id='word_1_7' title='bbox 556 643 967 711; x_wconf 82' lang='lat' dir='ltr'><strong>vehementer</strong></span> <span class='ocrx_word' id='word_1_8' title='bbox 1005 663 1164 729; x_wconf 89' lang='lat' dir='ltr'><strong>opus</strong></span> <span class='ocrx_word' id='word_1_9' title='bbox 1199 644 1297 706; x_wconf 90' lang='lat' dir='ltr'><strong>est</strong></span> <span class='ocrx_word' id='word_1_10' title='bbox 1332 637 1520 704; x_wconf 88' lang='lat' dir='ltr'><strong>nobis</strong></span> <span class='ocrx_word' id='word_1_11' title='bbox 1548 640 1616 703; x_wconf 89' lang='lat' dir='ltr'><strong>et</strong></span> <span class='ocrx_word' id='word_1_12' title='bbox 1645 635 2047 703; x_wconf 80' lang='lat' dir='ltr'><strong>voluntatem</strong></span> <span class='ocrx_word' id='word_1_13' title='bbox 2076 639 2144 702; x_wconf 84' lang='lat' dir='ltr'><strong>ct</strong></span> <span class='ocrx_word' id='word_1_14' title='bbox 2173 636 2622 702; x_wconf 87' lang='lat' dir='ltr'><strong>auctoritatem</strong></span> <span class='ocrx_word' id='word_1_15' title='bbox 2665 638 2734 702; x_wconf 87' lang='lat' dir='ltr'><strong>et</strong></span> <span class='ocrx_word' id='word_1_16' title='bbox 2765 635 2984 722; x_wconf 86' lang='lat' dir='ltr'><strong>impe·</strong></span> 
     </span>
     <span class='ocr_line' id='line_1_3' title="bbox 554 739 2980 825; baseline -0.004 -12"><span class='ocrx_word' id='word_1_17' title='bbox 554 748 727 813; x_wconf 88' lang='lat' dir='ltr'><strong>rium</strong></span> <span class='ocrx_word' id='word_1_18' title='bbox 753 751 943 813; x_wconf 90' lang='lat' dir='ltr'><strong>tuum</strong></span> <span class='ocrx_word' id='word_1_19' title='bbox 973 745 1284 811; x_wconf 89' lang='lat' dir='ltr'><strong>accedere.</strong></span> <span class='ocrx_word' id='word_1_20' title='bbox 1393 741 1588 814; x_wconf 81' lang='lat' dir='ltr'><strong>Quod</strong></span> <span class='ocrx_word' id='word_1_21' title='bbox 1618 742 1695 806; x_wconf 90' lang='lat' dir='ltr'><strong>ut</strong></span> <span class='ocrx_word' id='word_1_22' title='bbox 1725 739 1942 820; x_wconf 87' lang='lat' dir='ltr'><strong>facias,</strong></span> <span class='ocrx_word' id='word_1_23' title='bbox 1986 743 2054 807; x_wconf 86' lang='lat' dir='ltr'><strong>te</strong></span> <span class='ocrx_word' id='word_1_24' title='bbox 2089 740 2287 806; x_wconf 87' lang='lat' dir='ltr'><strong>etiam</strong></span> <span class='ocrx_word' id='word_1_25' title='bbox 2323 745 2518 825; x_wconf 88' lang='lat' dir='ltr'><strong>atque</strong></span> <span class='ocrx_word' id='word_1_26' title='bbox 2556 739 2755 806; x_wconf 89' lang='lat' dir='ltr'><strong>etiam</strong></span> <span class='ocrx_word' id='word_1_27' title='bbox 2788 761 2980 825; x_wconf 89' lang='lat' dir='ltr'><strong>rogo.</strong></span> 
     </span>
     <span class='ocr_line' id='line_1_4' title="bbox 555 843 2982 936; baseline -0.004 -19"><span class='ocrx_word' id='word_1_28' title='bbox 555 849 864 936; x_wconf 84' lang='lat' dir='ltr'><strong>Illudque</strong></span> <span class='ocrx_word' id='word_1_29' title='bbox 907 848 1070 914; x_wconf 91' lang='lat' dir='ltr'><strong>mihi</strong></span> <span class='ocrx_word' id='word_1_30' title='bbox 1117 843 1558 934; x_wconf 86' lang='lat' dir='ltr'><strong>gratissimum</strong></span> <span class='ocrx_word' id='word_1_31' title='bbox 1608 846 1725 924; x_wconf 87' lang='lat' dir='ltr'><strong>est,</strong></span> <span class='ocrx_word' id='word_1_32' title='bbox 1772 844 1946 929; x_wconf 90' lang='lat' dir='ltr'><strong>quod</strong></span> <span class='ocrx_word' id='word_1_33' title='bbox 1982 844 2079 910; x_wconf 92' lang='lat' dir='ltr'><strong>ita</strong></span> <span class='ocrx_word' id='word_1_34' title='bbox 2113 844 2328 909; x_wconf 90' lang='lat' dir='ltr'><strong>sciunt</strong></span> <span class='ocrx_word' id='word_1_35' title='bbox 2365 843 2626 910; x_wconf 89' lang='lat' dir='ltr'><strong>Lucceii</strong></span> <span class='ocrx_word' id='word_1_36' title='bbox 2668 864 2982 929; x_wconf 87' lang='lat' dir='ltr'><strong>procura·</strong></span> 
     </span>
     <span class='ocr_line' id='line_1_5' title="bbox 556 945 2982 1034; baseline -0.003 -14"><span class='ocrx_word' id='word_1_37' title='bbox 556 957 748 1033; x_wconf 85' lang='lat' dir='ltr'><strong>tores,</strong></span> <span class='ocrx_word' id='word_1_38' title='bbox 790 957 857 1018; x_wconf 92' lang='lat' dir='ltr'><strong>et</strong></span> <span class='ocrx_word' id='word_1_39' title='bbox 897 952 994 1018; x_wconf 92' lang='lat' dir='ltr'><strong>ita</strong></span> <span class='ocrx_word' id='word_1_40' title='bbox 1038 949 1353 1017; x_wconf 76' lang='lat' dir='ltr'><strong>Lucceius</strong></span> <span class='ocrx_word' id='word_1_41' title='bbox 1396 949 1535 1034; x_wconf 90' lang='lat' dir='ltr'><strong>ipse</strong></span> <span class='ocrx_word' id='word_1_42' title='bbox 1584 970 1669 1014; x_wconf 87' lang='lat' dir='ltr'><strong>ex</strong></span> <span class='ocrx_word' id='word_1_43' title='bbox 1705 946 1943 1012; x_wconf 86' lang='lat' dir='ltr'><strong>litteris</strong></span> <span class='ocrx_word' id='word_1_44' title='bbox 1979 947 2129 1027; x_wconf 88' lang='lat' dir='ltr'><strong>tuis,</strong></span> <span class='ocrx_word' id='word_1_45' title='bbox 2183 968 2343 1032; x_wconf 84' lang='lat' dir='ltr'><strong>quas</strong></span> <span class='ocrx_word' id='word_1_46' title='bbox 2388 947 2473 1012; x_wconf 87' lang='lat' dir='ltr'><strong>ad</strong></span> <span class='ocrx_word' id='word_1_47' title='bbox 2521 968 2673 1013; x_wconf 87' lang='lat' dir='ltr'><strong>eum</strong></span> <span class='ocrx_word' id='word_1_48' title='bbox 2714 945 2982 1025; x_wconf 83' lang='lat' dir='ltr'><strong>misisti,</strong></span> 
     </span>
     <span class='ocr_line' id='line_1_6' title="bbox 556 1050 2984 1137; baseline -0.003 -14"><span class='ocrx_word' id='word_1_49' title='bbox 556 1055 899 1136; x_wconf 79' lang='lat' dir='ltr'><strong>intellexit,</strong></span> <span class='ocrx_word' id='word_1_50' title='bbox 962 1051 1245 1120; x_wconf 89' lang='lat' dir='ltr'><strong>hominis</strong></span> <span class='ocrx_word' id='word_1_51' title='bbox 1314 1050 1561 1118; x_wconf 83' lang='lat' dir='ltr'><strong>nullius</strong></span> <span class='ocrx_word' id='word_1_52' title='bbox 1634 1051 1813 1136; x_wconf 91' lang='lat' dir='ltr'><strong>apud</strong></span> <span class='ocrx_word' id='word_1_53' title='bbox 1864 1055 1932 1116; x_wconf 89' lang='lat' dir='ltr'><strong>te</strong></span> <span class='ocrx_word' id='word_1_54' title='bbox 1997 1050 2443 1116; x_wconf 89' lang='lat' dir='ltr'><strong>auctoritatem</strong></span> <span class='ocrx_word' id='word_1_55' title='bbox 2509 1053 2625 1116; x_wconf 90' lang='lat' dir='ltr'><strong>aut</strong></span> <span class='ocrx_word' id='word_1_56' title='bbox 2690 1050 2984 1137; x_wconf 86' lang='lat' dir='ltr'><strong>gratiam</strong></span> 
     </span>
     <span class='ocr_line' id='line_1_7' title="bbox 559 1152 2986 1247; baseline -0.003 -21"><span class='ocrx_word' id='word_1_57' title='bbox 559 1160 771 1227; x_wconf 81' lang='lat' dir='ltr'><strong>valere</strong></span> <span class='ocrx_word' id='word_1_58' title='bbox 808 1159 956 1247; x_wconf 89' lang='lat' dir='ltr'><strong>plus</strong></span> <span class='ocrx_word' id='word_1_59' title='bbox 988 1179 1185 1244; x_wconf 89' lang='lat' dir='ltr'><strong>quam</strong></span> <span class='ocrx_word' id='word_1_60' title='bbox 1225 1176 1456 1221; x_wconf 91' lang='lat' dir='ltr'><strong>meam.</strong></span> <span class='ocrx_word' id='word_1_61' title='bbox 1546 1152 1636 1220; x_wconf 94' lang='lat' dir='ltr'><strong>Id</strong></span> <span class='ocrx_word' id='word_1_62' title='bbox 1672 1158 1751 1219; x_wconf 92' lang='lat' dir='ltr'><strong>ut</strong></span> <span class='ocrx_word' id='word_1_63' title='bbox 1781 1175 1853 1219; x_wconf 91' lang='lat' dir='ltr'><strong>re</strong></span> <span class='ocrx_word' id='word_1_64' title='bbox 1893 1153 2282 1240; x_wconf 78' lang='lat' dir='ltr'>experiatur,</span> <span class='ocrx_word' id='word_1_65' title='bbox 2329 1153 2569 1220; x_wconf 88' lang='lat' dir='ltr'><strong>iterum</strong></span> <span class='ocrx_word' id='word_1_66' title='bbox 2612 1156 2679 1220; x_wconf 87' lang='lat' dir='ltr'><strong>et</strong></span> <span class='ocrx_word' id='word_1_67' title='bbox 2717 1153 2986 1241; x_wconf 87' lang='lat' dir='ltr'><strong>saepius</strong></span> 
     </span>
    </p>
   </div>
   <div class='ocr_carea' id='block_1_3' title="bbox 559 1266 840 1351">
    <p class='ocr_par' dir='ltr' id='par_1_3' title="bbox 559 1266 840 1351">
     <span class='ocr_line' id='line_1_8' title="bbox 559 1266 840 1351; baseline -0.007 -21"><span class='ocrx_word' id='word_1_68' title='bbox 559 1266 627 1330; x_wconf 85' lang='lat' dir='ltr'><strong>te</strong></span> <span class='ocrx_word' id='word_1_69' title='bbox 663 1284 840 1351; x_wconf 87' lang='lat' dir='ltr'><strong>rog0.</strong></span> 
     </span>
    </p>
   </div>
   <div class='ocr_carea' id='block_1_4' title="bbox 799 1541 2745 1631">
    <p class='ocr_par' dir='ltr' id='par_1_4' title="bbox 799 1541 2745 1631">
     <span class='ocr_line' id='line_1_9' title="bbox 799 1541 2745 1631; baseline -0.003 -16"><span class='ocrx_word' id='word_1_70' title='bbox 799 1547 946 1617; x_wconf 88' lang='lat' dir='ltr'><strong>LV.</strong></span> <span class='ocrx_word' id='word_1_71' title='bbox 1037 1547 1155 1615; x_wconf 89' lang='grc' dir='ltr'><strong>ΤΟ</strong></span> <span class='ocrx_word' id='word_1_72' title='bbox 1200 1568 1339 1612; x_wconf 71' lang='lat' dir='ltr'><strong>‘run</strong></span> <span class='ocrx_word' id='word_1_73' title='bbox 1385 1566 1561 1611; x_wconf 55' lang='lat' dir='ltr'><strong>saun</strong></span> <span class='ocrx_word' id='word_1_74' title='bbox 1607 1541 2166 1611; x_wconf 80' lang='lat' dir='ltr'><strong>GULLEOLUS</strong></span> <span class='ocrx_word' id='word_1_75' title='bbox 2213 1543 2418 1631; x_wconf 54' lang='lat' dir='ltr'><strong>(Flu.</strong></span> <span class='ocrx_word' id='word_1_76' title='bbox 2450 1566 2604 1610; x_wconf 84' lang='lat' dir='ltr'><strong>xm.</strong></span> <span class='ocrx_word' id='word_1_77' title='bbox 2635 1552 2745 1631; x_wconf 82' lang='lat'>41).</span> 
     </span>
    </p>
   </div>
   <div class='ocr_carea' id='block_1_5' title="bbox 1022 1751 2516 1814">
    <p class='ocr_par' dir='ltr' id='par_1_5' title="bbox 1022 1751 2516 1814">
     <span class='ocr_line' id='line_1_10' title="bbox 1022 1751 2516 1814; baseline -0.003 -13"><span class='ocrx_word' id='word_1_78' title='bbox 1022 1756 1232 1814; x_wconf 70' lang='lat' dir='ltr'><strong>nous,</strong></span> <span class='ocrx_word' id='word_1_79' title='bbox 1266 1755 1332 1799; x_wconf 75' lang='lat' dir='ltr'><strong>A.</strong></span> <span class='ocrx_word' id='word_1_80' title='bbox 1366 1754 1433 1798; x_wconf 81' lang='lat' dir='ltr'><strong>U.</strong></span> <span class='ocrx_word' id='word_1_81' title='bbox 1470 1753 1527 1798; x_wconf 87' lang='lat' dir='ltr'><strong>c.</strong></span> <span class='ocrx_word' id='word_1_82' title='bbox 1562 1751 1703 1811; x_wconf 79' lang='lat'><strong>6953</strong></span> <span class='ocrx_word' id='word_1_83' title='bbox 1752 1753 1815 1797; x_wconf 86' lang='lat' dir='ltr'><strong>B.</strong></span> <span class='ocrx_word' id='word_1_84' title='bbox 1848 1751 1903 1797; x_wconf 87' lang='lat' dir='ltr'><strong>c.</strong></span> <span class='ocrx_word' id='word_1_85' title='bbox 1943 1752 2046 1811; x_wconf 76' lang='lat'><strong>⁶⁹3</strong></span> <span class='ocrx_word' id='word_1_86' title='bbox 2093 1754 2245 1798; x_wconf 65' lang='lat' dir='ltr'><strong>sm,</strong></span> <span class='ocrx_word' id='word_1_87' title='bbox 2277 1754 2397 1798; x_wconf 82' lang='lat' dir='ltr'><strong>cle.</strong></span> <span class='ocrx_word' id='word_1_88' title='bbox 2429 1751 2516 1803; x_wconf 82' lang='lat'><strong>47.</strong></span> 
     </span>
    </p>
   </div>
   <div class='ocr_carea' id='block_1_6' title="bbox 895 1917 2658 1984">
    <p class='ocr_par' dir='ltr' id='par_1_6' title="bbox 895 1917 2658 1984">
     <span class='ocr_line' id='line_1_11' title="bbox 895 1917 2658 1984; baseline -0.002 -12"><span class='ocrx_word' id='word_1_89' title='bbox 895 1922 972 1973; x_wconf 81' lang='lat' dir='ltr'><strong>M.</strong></span> <span class='ocrx_word' id='word_1_90' title='bbox 998 1922 1168 1974; x_wconf 86' lang='lat' dir='ltr'><strong>Cicero</strong></span> <span class='ocrx_word' id='word_1_91' title='bbox 1188 1921 1250 1972; x_wconf 92' lang='lat' dir='ltr'><strong>L.</strong></span> <span class='ocrx_word' id='word_1_92' title='bbox 1277 1918 1500 1971; x_wconf 89' lang='lat' dir='ltr'><strong>Culleolc</strong></span> <span class='ocrx_word' id='word_1_93' title='bbox 1518 1934 1711 1984; x_wconf 84' lang='lat' dir='ltr'><strong>procos.</strong></span> <span class='ocrx_word' id='word_1_94' title='bbox 1739 1917 1933 1984; x_wconf 78' lang='lat' dir='ltr'><strong>Illyrici</strong></span> <span class='ocrx_word' id='word_1_95' title='bbox 1956 1917 2015 1968; x_wconf 91' lang='lat' dir='ltr'><strong>L.</strong></span> <span class='ocrx_word' id='word_1_96' title='bbox 2043 1917 2311 1970; x_wconf 74' lang='lat' dir='ltr'><strong>Lucceium</strong></span> <span class='ocrx_word' id='word_1_97' title='bbox 2333 1919 2658 1970; x_wconf 73' lang='lat' dir='ltr'><strong>commendat.</strong></span> 
     </span>
    </p>
   </div>
   <div class='ocr_carea' id='block_1_7' title="bbox 1369 2098 2141 2156">
    <p class='ocr_par' dir='ltr' id='par_1_7' title="bbox 1369 2098 2141 2156">
     <span class='ocr_line' id='line_1_12' title="bbox 1369 2098 2141 2156; baseline -0.003 0"><span class='ocrx_word' id='word_1_98' title='bbox 1369 2099 1634 2156; x_wconf 84' lang='lat' dir='ltr'><strong>CICERO</strong></span> <span class='ocrx_word' id='word_1_99' title='bbox 1671 2098 2049 2154; x_wconf 87' lang='lat' dir='ltr'><strong>CULLEOLO</strong></span> <span class='ocrx_word' id='word_1_100' title='bbox 2085 2100 2141 2155; x_wconf 83' lang='lat' dir='ltr'><strong>S.</strong></span> 
     </span>
    </p>
   </div>
   <div class='ocr_carea' id='block_1_8' title="bbox 554 2253 2983 3777">
    <p class='ocr_par' dir='ltr' id='par_1_8' title="bbox 554 2253 2983 3777">
     <span class='ocr_line' id='line_1_13' title="bbox 692 2253 2983 2343; baseline 0 -18"><span class='ocrx_word' id='word_1_101' title='bbox 692 2260 754 2325; x_wconf 89' lang='lat'><strong>1.</strong></span> <span class='ocrx_word' id='word_1_102' title='bbox 797 2258 982 2330; x_wconf 82' lang='lat' dir='ltr'><strong>Quae</strong></span> <span class='ocrx_word' id='word_1_103' title='bbox 1011 2256 1221 2324; x_wconf 76' lang='lat' dir='ltr'><strong>fecisti</strong></span> <span class='ocrx_word' id='word_1_104' title='bbox 1254 2254 1337 2322; x_wconf 89' lang='lat' dir='ltr'><strong>L.</strong></span> <span class='ocrx_word' id='word_1_105' title='bbox 1370 2253 1636 2322; x_wconf 90' lang='lat' dir='ltr'><strong>Lucceii</strong></span> <span class='ocrx_word' id='word_1_106' title='bbox 1672 2278 1883 2338; x_wconf 84' lang='lat' dir='ltr'><strong>causa,</strong></span> <span class='ocrx_word' id='word_1_107' title='bbox 1929 2255 2088 2323; x_wconf 90' lang='lat' dir='ltr'><strong>scire</strong></span> <span class='ocrx_word' id='word_1_108' title='bbox 2129 2261 2197 2323; x_wconf 90' lang='lat' dir='ltr'><strong>te</strong></span> <span class='ocrx_word' id='word_1_109' title='bbox 2225 2257 2419 2343; x_wconf 89' lang='lat' dir='ltr'><strong>plane</strong></span> <span class='ocrx_word' id='word_1_110' title='bbox 2448 2256 2594 2324; x_wconf 81' lang='lat' dir='ltr'><strong>volo</strong></span> <span class='ocrx_word' id='word_1_111' title='bbox 2622 2259 2691 2323; x_wconf 93' lang='lat' dir='ltr'><strong>te</strong></span> <span class='ocrx_word' id='word_1_112' title='bbox 2725 2255 2983 2325; x_wconf 84' lang='lat' dir='ltr'><strong>homini</strong></span> 
     </span>
     <span class='ocr_line' id='line_1_14' title="bbox 558 2359 2980 2451; baseline -0 -22"><span class='ocrx_word' id='word_1_113' title='bbox 558 2362 923 2451; x_wconf 86' lang='lat' dir='ltr'><strong>gratissimo</strong></span> <span class='ocrx_word' id='word_1_114' title='bbox 981 2361 1429 2440; x_wconf 91' lang='lat' dir='ltr'><strong>commodasse,</strong></span> <span class='ocrx_word' id='word_1_115' title='bbox 1475 2362 1542 2425; x_wconf 83' lang='lat' dir='ltr'><strong>et</strong></span> <span class='ocrx_word' id='word_1_116' title='bbox 1591 2381 1741 2426; x_wconf 89' lang='lat' dir='ltr'><strong>cum</strong></span> <span class='ocrx_word' id='word_1_117' title='bbox 1790 2359 1915 2445; x_wconf 92' lang='lat' dir='ltr'><strong>ipsi</strong></span> <span class='ocrx_word' id='word_1_118' title='bbox 1967 2383 2132 2445; x_wconf 88' lang='lat' dir='ltr'><strong>quae</strong></span> <span class='ocrx_word' id='word_1_119' title='bbox 2180 2361 2390 2427; x_wconf 79' lang='lat' dir='ltr'><strong>fecisti</strong></span> <span class='ocrx_word' id='word_1_120' title='bbox 2436 2365 2745 2449; x_wconf 86' lang='lat' dir='ltr'><strong>pergrata</strong></span> <span class='ocrx_word' id='word_1_121' title='bbox 2799 2368 2980 2442; x_wconf 86' lang='lat' dir='ltr'><strong>sunt,</strong></span> 
     </span>
     <span class='ocr_line' id='line_1_15' title="bbox 558 2463 2978 2552; baseline -0.001 -18"><span class='ocrx_word' id='word_1_122' title='bbox 558 2472 702 2534; x_wconf 89' lang='lat' dir='ltr'><strong>tum</strong></span> <span class='ocrx_word' id='word_1_123' title='bbox 770 2463 1138 2551; x_wconf 89' lang='lat' dir='ltr'><strong>Pompeius,</strong></span> <span class='ocrx_word' id='word_1_124' title='bbox 1198 2463 1769 2549; x_wconf 80' lang='lat' dir='ltr'><strong>quotienscumque</strong></span> <span class='ocrx_word' id='word_1_125' title='bbox 1825 2484 1931 2529; x_wconf 91' lang='lat' dir='ltr'><strong>me</strong></span> <span class='ocrx_word' id='word_1_126' title='bbox 1988 2464 2185 2543; x_wconf 85' lang='lat' dir='ltr'><strong>videt,</strong></span> <span class='ocrx_word' id='word_1_127' title='bbox 2246 2465 2425 2530; x_wconf 85' lang='lat' dir='ltr'><strong>videt</strong></span> <span class='ocrx_word' id='word_1_128' title='bbox 2483 2470 2705 2531; x_wconf 86' lang='lat' dir='ltr'><strong>autem</strong></span> <span class='ocrx_word' id='word_1_129' title='bbox 2763 2487 2978 2552; x_wconf 81' lang='lat' dir='ltr'><strong>saepe,</strong></span> 
     </span>
     <span class='ocr_line' id='line_1_16' title="bbox 560 2565 2981 2659; baseline -0.001 -22"><span class='ocrx_word' id='word_1_130' title='bbox 560 2570 804 2659; x_wconf 81' lang='lat' dir='ltr'><strong>gratias</strong></span> <span class='ocrx_word' id='word_1_131' title='bbox 841 2569 964 2636; x_wconf 91' lang='lat' dir='ltr'><strong>tibi</strong></span> <span class='ocrx_word' id='word_1_132' title='bbox 1002 2569 1144 2655; x_wconf 90' lang='lat' dir='ltr'><strong>agit</strong></span> <span class='ocrx_word' id='word_1_133' title='bbox 1181 2567 1559 2654; x_wconf 78' lang='lat' dir='ltr'><strong>singulares.</strong></span> <span class='ocrx_word' id='word_1_134' title='bbox 1648 2565 1846 2633; x_wconf 85' lang='lat' dir='ltr'>Addo</span> <span class='ocrx_word' id='word_1_135' title='bbox 1893 2567 2091 2633; x_wconf 88' lang='lat' dir='ltr'><strong>etiam</strong></span> <span class='ocrx_word' id='word_1_136' title='bbox 2135 2567 2322 2649; x_wconf 91' lang='lat' dir='ltr'><strong>illud,</strong></span> <span class='ocrx_word' id='word_1_137' title='bbox 2369 2569 2544 2655; x_wconf 92' lang='lat' dir='ltr'><strong>quod</strong></span> <span class='ocrx_word' id='word_1_138' title='bbox 2586 2567 2712 2635; x_wconf 87' lang='lat' dir='ltr'><strong>tibi</strong></span> <span class='ocrx_word' id='word_1_139' title='bbox 2745 2567 2981 2636; x_wconf 84' lang='lat' dir='ltr'><strong>iucun-</strong></span> 
     </span>
     <span class='ocr_line' id='line_1_17' title="bbox 560 2669 2978 2759; baseline -0.001 -17"><span class='ocrx_word' id='word_1_140' title='bbox 560 2675 897 2742; x_wconf 83' lang='lat' dir='ltr'><strong>dissimum</strong></span> <span class='ocrx_word' id='word_1_141' title='bbox 936 2694 1069 2738; x_wconf 88' lang='lat' dir='ltr'><strong>esse</strong></span> <span class='ocrx_word' id='word_1_142' title='bbox 1102 2674 1273 2737; x_wconf 87' lang='lat' dir='ltr'><strong>certo</strong></span> <span class='ocrx_word' id='word_1_143' title='bbox 1310 2671 1457 2750; x_wconf 88' lang='lat' dir='ltr'><strong>scio,</strong></span> <span class='ocrx_word' id='word_1_144' title='bbox 1491 2692 1597 2738; x_wconf 92' lang='lat' dir='ltr'><strong>me</strong></span> <span class='ocrx_word' id='word_1_145' title='bbox 1639 2671 1855 2755; x_wconf 90' lang='lat' dir='ltr'><strong>ipsum</strong></span> <span class='ocrx_word' id='word_1_146' title='bbox 1895 2693 1976 2736; x_wconf 87' lang='lat' dir='ltr'><strong>ex</strong></span> <span class='ocrx_word' id='word_1_147' title='bbox 2014 2677 2131 2737; x_wconf 85' lang='lat' dir='ltr'><strong>tua</strong></span> <span class='ocrx_word' id='word_1_148' title='bbox 2172 2694 2328 2757; x_wconf 84' lang='lat' dir='ltr'><strong>erga</strong></span> <span class='ocrx_word' id='word_1_149' title='bbox 2360 2669 2715 2739; x_wconf 86' lang='lat' dir='ltr'><strong>Lucceium</strong></span> <span class='ocrx_word' id='word_1_150' title='bbox 2745 2670 2978 2759; x_wconf 84' lang='lat' dir='ltr'><strong>benig·</strong></span> 
     </span>
     <span class='ocr_line' id='line_1_18' title="bbox 559 2773 2977 2862; baseline -0.001 -17"><span class='ocrx_word' id='word_1_151' title='bbox 559 2779 767 2845; x_wconf 86' lang='lat' dir='ltr'><strong>nitate</strong></span> <span class='ocrx_word' id='word_1_152' title='bbox 810 2776 1096 2842; x_wconf 81' lang='lat' dir='ltr'><strong>maxima</strong></span> <span class='ocrx_word' id='word_1_153' title='bbox 1141 2773 1474 2859; x_wconf 81' lang='lat' dir='ltr'><strong>voluptate</strong></span> <span class='ocrx_word' id='word_1_154' title='bbox 1520 2773 1729 2839; x_wconf 87' lang='lat' dir='ltr'><strong>adfici.</strong></span> <span class='ocrx_word' id='word_1_155' title='bbox 1843 2775 1907 2838; x_wconf 88' lang='grc'><strong>2.</strong></span> <span class='ocrx_word' id='word_1_156' title='bbox 1959 2773 2155 2845; x_wconf 82' lang='lat' dir='ltr'><strong>Quod</strong></span> <span class='ocrx_word' id='word_1_157' title='bbox 2211 2780 2518 2861; x_wconf 84' lang='lat' dir='ltr'><strong>superest,</strong></span> <span class='ocrx_word' id='word_1_158' title='bbox 2579 2797 2977 2862; x_wconf 85' lang='lat' dir='ltr'><strong>quamquam</strong></span> 
     </span>
     <span class='ocr_line' id='line_1_19' title="bbox 557 2876 2980 2963; baseline -0.001 -14"><span class='ocrx_word' id='word_1_159' title='bbox 557 2882 722 2949; x_wconf 86' lang='lat' dir='ltr'><strong>mihi</strong></span> <span class='ocrx_word' id='word_1_160' title='bbox 770 2903 903 2947; x_wconf 90' lang='lat' dir='ltr'><strong>non</strong></span> <span class='ocrx_word' id='word_1_161' title='bbox 950 2884 1048 2946; x_wconf 90' lang='lat' dir='ltr'><strong>est</strong></span> <span class='ocrx_word' id='word_1_162' title='bbox 1096 2876 1370 2944; x_wconf 90' lang='lat' dir='ltr'><strong>dubium</strong></span> <span class='ocrx_word' id='word_1_163' title='bbox 1426 2877 1587 2963; x_wconf 83' lang='lat' dir='ltr'><strong>quin</strong></span> <span class='ocrx_word' id='word_1_164' title='bbox 1645 2899 1794 2943; x_wconf 91' lang='lat' dir='ltr'><strong>cum</strong></span> <span class='ocrx_word' id='word_1_165' title='bbox 1852 2881 2044 2944; x_wconf 87' lang='lat' dir='ltr'><strong>antea</strong></span> <span class='ocrx_word' id='word_1_166' title='bbox 2089 2884 2309 2945; x_wconf 90' lang='lat' dir='ltr'><strong>nostra</strong></span> <span class='ocrx_word' id='word_1_167' title='bbox 2354 2902 2563 2959; x_wconf 86' lang='lat' dir='ltr'><strong>causa,</strong></span> <span class='ocrx_word' id='word_1_168' title='bbox 2624 2902 2798 2946; x_wconf 85' lang='lat' dir='ltr'><strong>nunc</strong></span> <span class='ocrx_word' id='word_1_169' title='bbox 2839 2880 2980 2947; x_wconf 82' lang='lat' dir='ltr'><strong>iam</strong></span> 
     </span>
     <span class='ocr_line' id='line_1_20' title="bbox 557 2980 2976 3068; baseline -0.001 -15"><span class='ocrx_word' id='word_1_170' title='bbox 557 2986 755 3053; x_wconf 89' lang='lat' dir='ltr'><strong>etiam</strong></span> <span class='ocrx_word' id='word_1_171' title='bbox 796 2988 949 3050; x_wconf 90' lang='lat' dir='ltr'><strong>tuae</strong></span> <span class='ocrx_word' id='word_1_172' title='bbox 989 2980 1385 3049; x_wconf 85' lang='lat' dir='ltr'><strong>constantiae</strong></span> <span class='ocrx_word' id='word_1_173' title='bbox 1426 2980 1642 3068; x_wconf 85' lang='lat' dir='ltr'><strong>gratia</strong></span> <span class='ocrx_word' id='word_1_174' title='bbox 1680 3002 2021 3047; x_wconf 89' lang='lat' dir='ltr'><strong>mansurus</strong></span> <span class='ocrx_word' id='word_1_175' title='bbox 2060 2982 2147 3049; x_wconf 89' lang='lat' dir='ltr'><strong>sis</strong></span> <span class='ocrx_word' id='word_1_176' title='bbox 2177 2983 2246 3048; x_wconf 88' lang='lat' dir='ltr'><strong>in</strong></span> <span class='ocrx_word' id='word_1_177' title='bbox 2278 2984 2505 3049; x_wconf 89' lang='lat' dir='ltr'><strong>eadem</strong></span> <span class='ocrx_word' id='word_1_178' title='bbox 2534 2984 2662 3049; x_wconf 89' lang='lat' dir='ltr'><strong>ista</strong></span> <span class='ocrx_word' id='word_1_179' title='bbox 2689 2982 2976 3051; x_wconf 86' lang='lat' dir='ltr'><strong>liberali-</strong></span> 
     </span>
     <span class='ocr_line' id='line_1_21' title="bbox 554 3082 2980 3173; baseline -0.001 -18"><span class='ocrx_word' id='word_1_180' title='bbox 554 3092 709 3169; x_wconf 86' lang='lat' dir='ltr'><strong>tate,</strong></span> <span class='ocrx_word' id='word_1_181' title='bbox 739 3092 959 3154; x_wconf 90' lang='lat' dir='ltr'><strong>tamen</strong></span> <span class='ocrx_word' id='word_1_182' title='bbox 989 3083 1103 3151; x_wconf 90' lang='lat' dir='ltr'><strong>abs</strong></span> <span class='ocrx_word' id='word_1_183' title='bbox 1129 3089 1196 3150; x_wconf 91' lang='lat' dir='ltr'><strong>te</strong></span> <span class='ocrx_word' id='word_1_184' title='bbox 1223 3082 1633 3149; x_wconf 86' lang='lat' dir='ltr'><strong>vehementer</strong></span> <span class='ocrx_word' id='word_1_185' title='bbox 1660 3084 1857 3150; x_wconf 87' lang='lat' dir='ltr'><strong>etiam</strong></span> <span class='ocrx_word' id='word_1_186' title='bbox 1885 3088 2079 3171; x_wconf 90' lang='lat' dir='ltr'><strong>atque</strong></span> <span class='ocrx_word' id='word_1_187' title='bbox 2107 3086 2302 3152; x_wconf 88' lang='lat' dir='ltr'><strong>etiam</strong></span> <span class='ocrx_word' id='word_1_188' title='bbox 2332 3093 2503 3172; x_wconf 89' lang='lat' dir='ltr'><strong>peto,</strong></span> <span class='ocrx_word' id='word_1_189' title='bbox 2550 3090 2628 3153; x_wconf 85' lang='lat' dir='ltr'><strong>ut</strong></span> <span class='ocrx_word' id='word_1_190' title='bbox 2665 3109 2761 3168; x_wconf 89' lang='lat' dir='ltr'><strong>ea,</strong></span> <span class='ocrx_word' id='word_1_191' title='bbox 2807 3109 2980 3173; x_wconf 87' lang='lat' dir='ltr'><strong>quae</strong></span> 
     </span>
     <span class='ocr_line' id='line_1_22' title="bbox 555 3186 2982 3277; baseline -0 -20"><span class='ocrx_word' id='word_1_192' title='bbox 555 3191 744 3258; x_wconf 88' lang='lat' dir='ltr'><strong>initio</strong></span> <span class='ocrx_word' id='word_1_193' title='bbox 774 3189 1127 3268; x_wconf 87' lang='lat' dir='ltr'><strong>ostendisti,</strong></span> <span class='ocrx_word' id='word_1_194' title='bbox 1159 3187 1457 3273; x_wconf 87' lang='lat' dir='ltr'><strong>deinceps</strong></span> <span class='ocrx_word' id='word_1_195' title='bbox 1486 3186 1715 3267; x_wconf 84' lang='lat' dir='ltr'><strong>fecisti,</strong></span> <span class='ocrx_word' id='word_1_196' title='bbox 1753 3188 1839 3253; x_wconf 87' lang='lat' dir='ltr'><strong>ad</strong></span> <span class='ocrx_word' id='word_1_197' title='bbox 1869 3188 2118 3255; x_wconf 86' lang='lat' dir='ltr'><strong>exitum</strong></span> <span class='ocrx_word' id='word_1_198' title='bbox 2146 3190 2373 3276; x_wconf 83' lang='lat' dir='ltr'><strong>augeri</strong></span> <span class='ocrx_word' id='word_1_199' title='bbox 2417 3196 2485 3255; x_wconf 87' lang='lat' dir='ltr'><strong>et</strong></span> <span class='ocrx_word' id='word_1_200' title='bbox 2513 3190 2830 3256; x_wconf 86' lang='lat' dir='ltr'><strong>cumulari</strong></span> <span class='ocrx_word' id='word_1_201' title='bbox 2859 3213 2982 3277; x_wconf 88' lang='lat' dir='ltr'><strong>per</strong></span> 
     </span>
     <span class='ocr_line' id='line_1_23' title="bbox 556 3289 2978 3380; baseline 0 -20"><span class='ocrx_word' id='word_1_202' title='bbox 556 3297 624 3360; x_wconf 92' lang='lat' dir='ltr'><strong>te</strong></span> <span class='ocrx_word' id='word_1_203' title='bbox 652 3293 829 3360; x_wconf 85' lang='lat' dir='ltr'><strong>velis.</strong></span> <span class='ocrx_word' id='word_1_204' title='bbox 937 3291 1023 3358; x_wconf 88' lang='lat' dir='ltr'><strong>Id</strong></span> <span class='ocrx_word' id='word_1_205' title='bbox 1052 3294 1118 3356; x_wconf 92' lang='lat' dir='ltr'><strong>et</strong></span> <span class='ocrx_word' id='word_1_206' title='bbox 1146 3289 1419 3357; x_wconf 87' lang='lat' dir='ltr'><strong>Lucceio</strong></span> <span class='ocrx_word' id='word_1_207' title='bbox 1449 3293 1515 3356; x_wconf 90' lang='lat' dir='ltr'><strong>et</strong></span> <span class='ocrx_word' id='word_1_208' title='bbox 1543 3289 1852 3376; x_wconf 88' lang='lat' dir='ltr'><strong>Pompeio</strong></span> <span class='ocrx_word' id='word_1_209' title='bbox 1881 3292 2069 3358; x_wconf 85' lang='lat' dir='ltr'><strong>valde</strong></span> <span class='ocrx_word' id='word_1_210' title='bbox 2097 3297 2357 3379; x_wconf 87' lang='lat' dir='ltr'><strong>gratum</strong></span> <span class='ocrx_word' id='word_1_211' title='bbox 2386 3294 2522 3358; x_wconf 90' lang='lat' dir='ltr'><strong>fore</strong></span> <span class='ocrx_word' id='word_1_212' title='bbox 2559 3299 2753 3380; x_wconf 90' lang='lat' dir='ltr'><strong>teque</strong></span> <span class='ocrx_word' id='word_1_213' title='bbox 2793 3296 2978 3380; x_wconf 90' lang='lat' dir='ltr'><strong>apud</strong></span> 
     </span>
     <span class='ocr_line' id='line_1_24' title="bbox 558 3394 2980 3485; baseline 0 -22"><span class='ocrx_word' id='word_1_214' title='bbox 558 3419 665 3464; x_wconf 89' lang='lat' dir='ltr'><strong>eos</strong></span> <span class='ocrx_word' id='word_1_215' title='bbox 723 3396 1045 3483; x_wconf 87' lang='lat' dir='ltr'><strong>praeclare</strong></span> <span class='ocrx_word' id='word_1_216' title='bbox 1104 3396 1465 3480; x_wconf 87' lang='lat' dir='ltr'><strong>positurum</strong></span> <span class='ocrx_word' id='word_1_217' title='bbox 1521 3394 1827 3460; x_wconf 81' lang='lat' dir='ltr'><strong>confimo</strong></span> <span class='ocrx_word' id='word_1_218' title='bbox 1885 3399 1951 3461; x_wconf 91' lang='lat' dir='ltr'><strong>et</strong></span> <span class='ocrx_word' id='word_1_219' title='bbox 2002 3398 2302 3483; x_wconf 89' lang='lat' dir='ltr'><strong>spondeo.</strong></span> <span class='ocrx_word' id='word_1_220' title='bbox 2423 3395 2528 3463; x_wconf 91' lang='lat' dir='ltr'><strong>De</strong></span> <span class='ocrx_word' id='word_1_221' title='bbox 2585 3420 2658 3463; x_wconf 93' lang='lat' dir='ltr'><strong>re</strong></span> <span class='ocrx_word' id='word_1_222' title='bbox 2713 3396 2980 3485; x_wconf 82' lang='lat' dir='ltr'><strong>publica</strong></span> 
     </span>
     <span class='ocr_line' id='line_1_25' title="bbox 557 3497 2978 3586; baseline 0 -19"><span class='ocrx_word' id='word_1_223' title='bbox 557 3502 764 3586; x_wconf 86' lang='lat' dir='ltr'><strong>deque</strong></span> <span class='ocrx_word' id='word_1_224' title='bbox 807 3500 910 3565; x_wconf 87' lang='lat' dir='ltr'><strong>his</strong></span> <span class='ocrx_word' id='word_1_225' title='bbox 946 3499 1226 3586; x_wconf 88' lang='lat' dir='ltr'><strong>negotiis</strong></span> <span class='ocrx_word' id='word_1_226' title='bbox 1276 3497 1899 3584; x_wconf 86' lang='lat' dir='ltr'><strong>cogitationibusque</strong></span> <span class='ocrx_word' id='word_1_227' title='bbox 1944 3499 2178 3565; x_wconf 89' lang='lat' dir='ltr'><strong>nostris</strong></span> <span class='ocrx_word' id='word_1_228' title='bbox 2224 3500 2716 3586; x_wconf 89' lang='lat' dir='ltr'><strong>perscripseram</strong></span> <span class='ocrx_word' id='word_1_229' title='bbox 2769 3502 2857 3567; x_wconf 85' lang='lat' dir='ltr'><strong>ad</strong></span> <span class='ocrx_word' id='word_1_230' title='bbox 2906 3505 2978 3568; x_wconf 83' lang='lat' dir='ltr'><strong>te</strong></span> 
     </span>
     <span class='ocr_line' id='line_1_26' title="bbox 555 3601 2974 3692; baseline 0 -22"><span class='ocrx_word' id='word_1_231' title='bbox 555 3604 902 3692; x_wconf 85' lang='lat' dir='ltr'><strong>diligenter</strong></span> <span class='ocrx_word' id='word_1_232' title='bbox 939 3602 1158 3691; x_wconf 90' lang='lat' dir='ltr'><strong>paucis</strong></span> <span class='ocrx_word' id='word_1_233' title='bbox 1189 3605 1380 3668; x_wconf 89' lang='lat' dir='ltr'><strong>antea</strong></span> <span class='ocrx_word' id='word_1_234' title='bbox 1417 3601 1644 3667; x_wconf 88' lang='lat' dir='ltr'><strong>diebus</strong></span> <span class='ocrx_word' id='word_1_235' title='bbox 1677 3623 1909 3688; x_wconf 89' lang='lat' dir='ltr'><strong>easque</strong></span> <span class='ocrx_word' id='word_1_236' title='bbox 1944 3602 2192 3669; x_wconf 80' lang='lat' dir='ltr'><strong>litteras</strong></span> <span class='ocrx_word' id='word_1_237' title='bbox 2222 3604 2525 3669; x_wconf 87' lang='lat' dir='ltr'><strong>dederam</strong></span> <span class='ocrx_word' id='word_1_238' title='bbox 2565 3603 2783 3689; x_wconf 86' lang='lat' dir='ltr'><strong>pueris</strong></span> <span class='ocrx_word' id='word_1_239' title='bbox 2815 3604 2974 3671; x_wconf 84' lang='lat' dir='ltr'><strong>tuis.</strong></span> 
     </span>
     <span class='ocr_line' id='line_1_27' title="bbox 554 3708 742 3777; baseline -0.016 0"><span class='ocrx_word' id='word_1_240' title='bbox 554 3708 742 3777; x_wconf 89' lang='lat' dir='ltr'><strong>Vale.</strong></span> 
     </span>
    </p>
   </div>
   <div class='ocr_carea' id='block_1_9' title="bbox 561 3889 2978 4410">
    <p class='ocr_par' dir='ltr' id='par_1_9' title="bbox 561 3889 2978 4410">
     <span class='ocr_line' id='line_1_28' title="bbox 628 3889 2978 3959; baseline 0 -15"><span class='ocrx_word' id='word_1_241' title='bbox 628 3899 673 3944; x_wconf 88' lang='lat'><strong>2.</strong></span> <span class='ocrx_word' id='word_1_242' title='bbox 708 3897 1035 3944; x_wconf 76' lang='lat' dir='ltr'><strong>auctoritatem</strong></span> <span class='ocrx_word' id='word_1_243' title='bbox 1057 3899 1103 3943; x_wconf 76' lang='lat' dir='ltr'><strong>st</strong></span> <span class='ocrx_word' id='word_1_244' title='bbox 1120 3890 1363 3957; x_wconf 73' lang='lat' dir='ltr'><strong>qratiam]</strong></span> <span class='ocrx_word' id='word_1_245' title='bbox 1442 3893 1456 3918; x_wconf 89' lang='lat'>‘</span> <span class='ocrx_word' id='word_1_246' title='bbox 1471 3889 1630 3941; x_wconf 84' lang='lat' dir='ltr'><strong>moral</strong></span> <span class='ocrx_word' id='word_1_247' title='bbox 1662 3905 1719 3942; x_wconf 93' lang='lat' dir='ltr'><strong>or</strong></span> <span class='ocrx_word' id='word_1_248' title='bbox 1882 3899 1938 3940; x_wconf 78' lang='lat' dir='ltr'><strong>ut</strong></span> <span class='ocrx_word' id='word_1_249' title='bbox 1979 3908 2035 3942; x_wconf 76' lang='lat' dir='ltr'><strong>ea</strong></span> <span class='ocrx_word' id='word_1_250' title='bbox 2081 3928 2095 3941; x_wconf 90' lang='lat'><strong>.</strong></span> <span class='ocrx_word' id='word_1_251' title='bbox 2144 3928 2158 3941; x_wconf 88' lang='lat'><strong>.</strong></span> <span class='ocrx_word' id='word_1_252' title='bbox 2206 3892 2227 3957; x_wconf 94' lang='lat'><strong>[</strong></span> <span class='ocrx_word' id='word_1_253' title='bbox 2271 3892 2411 3959; x_wconf 70' lang='lat' dir='ltr'><strong>velis]</strong></span> <span class='ocrx_word' id='word_1_254' title='bbox 2481 3897 2496 3922; x_wconf 89' lang='lat'><em>‘</em></span> <span class='ocrx_word' id='word_1_255' title='bbox 2512 3893 2643 3954; x_wconf 86' lang='lat' dir='ltr'><strong>that,</strong></span> <span class='ocrx_word' id='word_1_256' title='bbox 2680 3909 2736 3943; x_wconf 88' lang='lat' dir='ltr'><strong>as</strong></span> <span class='ocrx_word' id='word_1_257' title='bbox 2769 3895 2978 3959; x_wconf 76' lang='lat' dir='ltr'><strong>regards</strong></span> 
     </span>
     <span class='ocr_line' id='line_1_29' title="bbox 563 3955 2976 4022; baseline -0.001 -11"><span class='ocrx_word' id='word_1_258' title='bbox 563 3960 715 4011; x_wconf 80' lang='lat' dir='ltr'><strong>sccial</strong></span> <span class='ocrx_word' id='word_1_259' title='bbox 735 3958 1016 4009; x_wconf 86' lang='lat' dir='ltr'><strong>influence.&#39;</strong></span> <span class='ocrx_word' id='word_1_260' title='bbox 1816 3955 1957 4006; x_wconf 84' lang='lat' dir='ltr'><strong>those</strong></span> <span class='ocrx_word' id='word_1_261' title='bbox 1978 3955 2189 4008; x_wconf 81' lang='lat' dir='ltr'><strong>services</strong></span> <span class='ocrx_word' id='word_1_262' title='bbox 2210 3956 2378 4008; x_wconf 80' lang='lat' dir='ltr'><strong>which</strong></span> <span class='ocrx_word' id='word_1_263' title='bbox 2397 3973 2500 4022; x_wconf 82' lang='lat' dir='ltr'><strong>you</strong></span> <span class='ocrx_word' id='word_1_264' title='bbox 2521 3960 2630 4008; x_wconf 84' lang='lat' dir='ltr'><strong>first</strong></span> <span class='ocrx_word' id='word_1_265' title='bbox 2649 3960 2896 4022; x_wconf 80' lang='lat' dir='ltr'><strong>promised</strong></span> <span class='ocrx_word' id='word_1_266' title='bbox 2915 3959 2976 4009; x_wconf 86' lang='lat' dir='ltr'><strong>in</strong></span> 
     </span>
     <span class='ocr_line' id='line_1_30' title="bbox 1815 4022 2969 4084; baseline 0.004 -14"><span class='ocrx_word' id='word_1_267' title='bbox 1815 4022 1995 4083; x_wconf 74' lang='lat' dir='ltr'><strong>words,</strong></span> <span class='ocrx_word' id='word_1_268' title='bbox 2045 4023 2144 4072; x_wconf 86' lang='lat' dir='ltr'><strong>and</strong></span> <span class='ocrx_word' id='word_1_269' title='bbox 2172 4023 2460 4072; x_wconf 74' lang='lat' dir='ltr'><strong>afterwards</strong></span> <span class='ocrx_word' id='word_1_270' title='bbox 2490 4025 2727 4074; x_wconf 83' lang='lat' dir='ltr'><strong>rendered</strong></span> <span class='ocrx_word' id='word_1_271' title='bbox 2754 4023 2810 4073; x_wconf 81' lang='lat' dir='ltr'><strong>in</strong></span> <span class='ocrx_word' id='word_1_272' title='bbox 2843 4031 2969 4084; x_wconf 72' lang='lat' dir='ltr'><strong>acts,</strong></span> 
     </span>
     <span class='ocr_line' id='line_1_31' title="bbox 633 4083 2977 4155; baseline 0.001 -18"><span class='ocrx_word' id='word_1_273' title='bbox 633 4092 679 4137; x_wconf 91' lang='lat'><strong>1.</strong></span> <span class='ocrx_word' id='word_1_274' title='bbox 720 4090 848 4146; x_wconf 75' lang='lat' dir='ltr'><strong>Quae</strong></span> <span class='ocrx_word' id='word_1_275' title='bbox 869 4085 1061 4152; x_wconf 73' lang='lat' dir='ltr'><strong>fecisti]</strong></span> <span class='ocrx_word' id='word_1_276' title='bbox 1154 4087 1169 4113; x_wconf 84' lang='lat'><strong>‘</strong></span> <span class='ocrx_word' id='word_1_277' title='bbox 1188 4084 1255 4134; x_wconf 87' lang='lat' dir='ltr'><strong>In</strong></span> <span class='ocrx_word' id='word_1_278' title='bbox 1288 4083 1425 4134; x_wconf 72' lang='lat' dir='ltr'><strong>what</strong></span> <span class='ocrx_word' id='word_1_279' title='bbox 1452 4098 1555 4148; x_wconf 81' lang='lat' dir='ltr'><strong>you</strong></span> <span class='ocrx_word' id='word_1_280' title='bbox 1585 4084 1717 4135; x_wconf 81' lang='lat' dir='ltr'><strong>have</strong></span> <span class='ocrx_word' id='word_1_281' title='bbox 1814 4100 1917 4150; x_wconf 75' lang='lat' dir='ltr'><strong>you</strong></span> <span class='ocrx_word' id='word_1_282' title='bbox 1939 4086 2047 4136; x_wconf 74' lang='lat' dir='ltr'><strong>will</strong></span> <span class='ocrx_word' id='word_1_283' title='bbox 2062 4102 2175 4137; x_wconf 78' lang='lat' dir='ltr'><strong>now</strong></span> <span class='ocrx_word' id='word_1_284' title='bbox 2196 4087 2342 4137; x_wconf 75' lang='lat' dir='ltr'><strong>allow</strong></span> <span class='ocrx_word' id='word_1_285' title='bbox 2364 4087 2502 4138; x_wconf 86' lang='lat' dir='ltr'><strong>them</strong></span> <span class='ocrx_word' id='word_1_286' title='bbox 2523 4095 2577 4139; x_wconf 82' lang='lat' dir='ltr'><strong>to</strong></span> <span class='ocrx_word' id='word_1_287' title='bbox 2597 4089 2661 4138; x_wconf 89' lang='lat' dir='ltr'><strong>be</strong></span> <span class='ocrx_word' id='word_1_288' title='bbox 2680 4088 2901 4155; x_wconf 63' lang='lat' dir='ltr'><strong>brought</strong></span> <span class='ocrx_word' id='word_1_289' title='bbox 2918 4095 2977 4139; x_wconf 85' lang='lat' dir='ltr'><strong>to</strong></span> 
     </span>
     <span class='ocr_line' id='line_1_32' title="bbox 565 4149 2749 4217; baseline 0 -14"><span class='ocrx_word' id='word_1_290' title='bbox 565 4153 690 4204; x_wconf 88' lang='lat' dir='ltr'><strong>done</strong></span> <span class='ocrx_word' id='word_1_291' title='bbox 729 4153 800 4217; x_wconf 85' lang='lat' dir='ltr'><strong>(as</strong></span> <span class='ocrx_word' id='word_1_292' title='bbox 826 4158 878 4202; x_wconf 93' lang='lat' dir='ltr'><strong>to</strong></span> <span class='ocrx_word' id='word_1_293' title='bbox 902 4152 1036 4201; x_wconf 78' lang='lat' dir='ltr'><strong>what</strong></span> <span class='ocrx_word' id='word_1_294' title='bbox 1065 4165 1167 4216; x_wconf 77' lang='lat' dir='ltr'><strong>you</strong></span> <span class='ocrx_word' id='word_1_295' title='bbox 1195 4149 1325 4200; x_wconf 75' lang='lat' dir='ltr'><strong>have</strong></span> <span class='ocrx_word' id='word_1_296' title='bbox 1355 4149 1498 4213; x_wconf 87' lang='lat' dir='ltr'><strong>done)</strong></span> <span class='ocrx_word' id='word_1_297' title='bbox 1535 4149 1607 4199; x_wconf 80' lang='lat' dir='ltr'><strong>let</strong></span> <span class='ocrx_word' id='word_1_298' title='bbox 1636 4165 1716 4199; x_wconf 90' lang='lat' dir='ltr'><strong>me</strong></span> <span class='ocrx_word' id='word_1_299' title='bbox 1817 4166 1848 4200; x_wconf 88' lang='lat' dir='ltr'><strong>a</strong></span> <span class='ocrx_word' id='word_1_300' title='bbox 1863 4151 2118 4217; x_wconf 73' lang='lat' dir='ltr'><strong>crowning</strong></span> <span class='ocrx_word' id='word_1_301' title='bbox 2138 4152 2269 4202; x_wconf 86' lang='lat' dir='ltr'><strong>issue</strong></span> <span class='ocrx_word' id='word_1_302' title='bbox 2290 4154 2389 4202; x_wconf 85' lang='lat' dir='ltr'><strong>and</strong></span> <span class='ocrx_word' id='word_1_303' title='bbox 2410 4153 2749 4217; x_wconf 82' lang='lat' dir='ltr'><strong>completion.’</strong></span> 
     </span>
     <span class='ocr_line' id='line_1_33' title="bbox 562 4213 2972 4284; baseline 0 -16"><span class='ocrx_word' id='word_1_304' title='bbox 562 4218 652 4269; x_wconf 83' lang='lat' dir='ltr'><strong>tell</strong></span> <span class='ocrx_word' id='word_1_305' title='bbox 673 4231 790 4282; x_wconf 80' lang='lat' dir='ltr'><strong>you,</strong></span> <span class='ocrx_word' id='word_1_306' title='bbox 817 4232 917 4281; x_wconf 79' lang='lat' dir='ltr'><strong>you</strong></span> <span class='ocrx_word' id='word_1_307' title='bbox 937 4216 1065 4266; x_wconf 79' lang='lat' dir='ltr'><strong>have</strong></span> <span class='ocrx_word' id='word_1_308' title='bbox 1085 4213 1283 4278; x_wconf 77' lang='lat' dir='ltr'><strong>obliged</strong></span> <span class='ocrx_word' id='word_1_309' title='bbox 1302 4230 1333 4264; x_wconf 88' lang='lat' dir='ltr'><strong>a</strong></span> <span class='ocrx_word' id='word_1_310' title='bbox 1352 4219 1480 4263; x_wconf 83' lang='lat' dir='ltr'><strong>most</strong></span> <span class='ocrx_word' id='word_1_311' title='bbox 1500 4214 1718 4277; x_wconf 73' lang='lat' dir='ltr'><strong>grateful</strong></span> <span class='ocrx_word' id='word_1_312' title='bbox 1874 4218 2124 4278; x_wconf 71' lang='lat' dir='ltr'><strong>praeclaro</strong></span> <span class='ocrx_word' id='word_1_313' title='bbox 2149 4218 2447 4284; x_wconf 65' lang='lat' dir='ltr'><strong>positurum]</strong></span> <span class='ocrx_word' id='word_1_314' title='bbox 2537 4223 2551 4246; x_wconf 92' lang='lat'>‘</span> <span class='ocrx_word' id='word_1_315' title='bbox 2566 4218 2679 4268; x_wconf 83' lang='lat' dir='ltr'><strong>that</strong></span> <span class='ocrx_word' id='word_1_316' title='bbox 2714 4232 2822 4283; x_wconf 76' lang='lat' dir='ltr'><strong>you</strong></span> <span class='ocrx_word' id='word_1_317' title='bbox 2862 4217 2972 4268; x_wconf 70' lang='lat' dir='ltr'><strong>viu</strong></span> 
     </span>
     <span class='ocr_line' id='line_1_34' title="bbox 563 4278 2976 4348; baseline -0 -15"><span class='ocrx_word' id='word_1_318' title='bbox 563 4282 720 4333; x_wconf 66' lang='lat' dir='ltr'><strong>man!</strong></span> <span class='ocrx_word' id='word_1_319' title='bbox 762 4283 1070 4331; x_wconf 74' lang='lat' dir='ltr'><strong>Commodum</strong></span> <span class='ocrx_word' id='word_1_320' title='bbox 1092 4296 1211 4342; x_wconf 74' lang='lat' dir='ltr'><strong>quae</strong></span> <span class='ocrx_word' id='word_1_321' title='bbox 1219 4280 1389 4344; x_wconf 69' lang='lat' dir='ltr'><strong>fecisti</strong></span> <span class='ocrx_word' id='word_1_322' title='bbox 1405 4284 1539 4328; x_wconf 77' lang='lat' dir='ltr'><strong>must</strong></span> <span class='ocrx_word' id='word_1_323' title='bbox 1550 4284 1640 4328; x_wconf 84' lang='lat' dir='ltr'><strong>not</strong></span> <span class='ocrx_word' id='word_1_324' title='bbox 1655 4279 1717 4329; x_wconf 91' lang='lat' dir='ltr'><strong>be</strong></span> <span class='ocrx_word' id='word_1_325' title='bbox 1814 4278 1943 4330; x_wconf 82' lang='lat' dir='ltr'><strong>have</strong></span> <span class='ocrx_word' id='word_1_326' title='bbox 1955 4282 2072 4331; x_wconf 75' lang='lat' dir='ltr'><strong>well</strong></span> <span class='ocrx_word' id='word_1_327' title='bbox 2092 4282 2317 4331; x_wconf 76' lang='lat' dir='ltr'><strong>invested</strong></span> <span class='ocrx_word' id='word_1_328' title='bbox 2342 4283 2461 4347; x_wconf 73' lang='lat' dir='ltr'><strong>(laid</strong></span> <span class='ocrx_word' id='word_1_329' title='bbox 2483 4284 2591 4347; x_wconf 86' lang='lat' dir='ltr'><strong>out)</strong></span> <span class='ocrx_word' id='word_1_330' title='bbox 2615 4282 2976 4348; x_wconf 74' lang='lat' dir='ltr'><strong>youraervioe·</strong></span> 
     </span>
     <span class='ocr_line' id='line_1_35' title="bbox 561 4342 2974 4410; baseline 0 -13"><span class='ocrx_word' id='word_1_331' title='bbox 561 4347 714 4397; x_wconf 81' lang='lat' dir='ltr'><strong>taken</strong></span> <span class='ocrx_word' id='word_1_332' title='bbox 735 4345 917 4410; x_wconf 81' lang='lat' dir='ltr'><strong>closely</strong></span> <span class='ocrx_word' id='word_1_333' title='bbox 931 4344 1183 4410; x_wconf 81' lang='lat' dir='ltr'><strong>together;</strong></span> <span class='ocrx_word' id='word_1_334' title='bbox 1217 4342 1319 4394; x_wconf 82' lang='lat' dir='ltr'><strong>this</strong></span> <span class='ocrx_word' id='word_1_335' title='bbox 1335 4342 1506 4394; x_wconf 78' lang='lat' dir='ltr'><strong>would</strong></span> <span class='ocrx_word' id='word_1_336' title='bbox 1519 4342 1717 4408; x_wconf 74' lang='lat' dir='ltr'><strong>mquire</strong></span> <span class='ocrx_word' id='word_1_337' title='bbox 1813 4344 1869 4393; x_wconf 85' lang='lat' dir='ltr'><strong>in</strong></span> <span class='ocrx_word' id='word_1_338' title='bbox 1912 4345 2114 4409; x_wconf 80' lang='lat' dir='ltr'><strong>serving</strong></span> <span class='ocrx_word' id='word_1_339' title='bbox 2155 4345 2331 4396; x_wconf 62' lang='lat' dir='ltr'><strong>them!</strong></span> <span class='ocrx_word' id='word_1_340' title='bbox 2422 4346 2546 4397; x_wconf 82' lang='lat' dir='ltr'><strong>This</strong></span> <span class='ocrx_word' id='word_1_341' title='bbox 2599 4348 2644 4397; x_wconf 86' lang='lat' dir='ltr'><strong>is</strong></span> <span class='ocrx_word' id='word_1_342' title='bbox 2697 4347 2842 4399; x_wconf 75' lang='lat' dir='ltr'><strong>often</strong></span> <span class='ocrx_word' id='word_1_343' title='bbox 2883 4347 2974 4398; x_wconf 77' lang='lat' dir='ltr'><strong>the</strong></span> 
     </span>
    </p>
   </div>
   <div class='ocr_carea' id='block_1_10' title="bbox 550 4409 2971 4606">
    <p class='ocr_par' dir='ltr' id='par_1_10' title="bbox 550 4409 2971 4606">
     <span class='ocr_line' id='line_1_36' title="bbox 550 4409 2971 4486; baseline 0 -26"><span class='ocrx_word' id='word_1_344' title='bbox 550 4412 747 4475; x_wconf 70' lang='lat' dir='ltr'><strong>feceris.</strong></span> <span class='ocrx_word' id='word_1_345' title='bbox 1095 4475 1106 4486; x_wconf 45' lang='lat'><strong>·</strong></span> <span class='ocrx_word' id='word_1_346' title='bbox 1320 4474 1331 4486; x_wconf 37' lang='grc' dir='ltr'><strong><em>ο</em></strong></span> <span class='ocrx_word' id='word_1_347' title='bbox 1812 4409 2046 4486; x_wconf 73' lang='lat' dir='ltr'><strong>meaning</strong></span> <span class='ocrx_word' id='word_1_348' title='bbox 2087 4409 2144 4460; x_wconf 76' lang='lat' dir='ltr'><strong>of</strong></span> <span class='ocrx_word' id='word_1_349' title='bbox 2177 4426 2355 4472; x_wconf 75' lang='lat' dir='ltr'><strong>ponere</strong></span> <span class='ocrx_word' id='word_1_350' title='bbox 2407 4410 2462 4460; x_wconf 88' lang='lat' dir='ltr'><strong>in</strong></span> <span class='ocrx_word' id='word_1_351' title='bbox 2507 4412 2696 4473; x_wconf 84' lang='lat' dir='ltr'><strong>Cicero,</strong></span> <span class='ocrx_word' id='word_1_352' title='bbox 2754 4429 2798 4463; x_wconf 77' lang='lat' dir='ltr'><strong>e.</strong></span> <span class='ocrx_word' id='word_1_353' title='bbox 2857 4446 2871 4461; x_wconf 90' lang='lat'><strong>.</strong></span> <span class='ocrx_word' id='word_1_354' title='bbox 2913 4427 2971 4461; x_wconf 83' lang='lat' dir='ltr'><strong>m</strong></span> 
     </span>
     <span class='ocr_line' id='line_1_37' title="bbox 628 4470 2801 4559; baseline 0.002 -34"><span class='ocrx_word' id='word_1_355' title='bbox 628 4480 677 4525; x_wconf 87' lang='lat'><strong>2.</strong></span> <span class='ocrx_word' id='word_1_356' title='bbox 726 4482 837 4524; x_wconf 78' lang='lat' dir='ltr'><strong>tuae</strong></span> <span class='ocrx_word' id='word_1_357' title='bbox 875 4480 1163 4523; x_wconf 68' lang='lat' dir='ltr'><strong>concionem</strong></span> <span class='ocrx_word' id='word_1_358' title='bbox 1196 4470 1411 4550; x_wconf 49' lang='lat' dir='ltr'><strong>arauaJ·</strong></span> <span class='ocrx_word' id='word_1_359' title='bbox 1474 4475 1558 4523; x_wconf 79' lang='lat' dir='ltr'><strong>‘to</strong></span> <span class='ocrx_word' id='word_1_360' title='bbox 1600 4487 1711 4559; x_wconf 80' lang='lat' dir='ltr'><strong>pre·</strong></span> <span class='ocrx_word' id='word_1_361' title='bbox 1813 4471 1956 4549; x_wconf 66' lang='lat' dir='ltr'><strong>Fam.</strong></span> <span class='ocrx_word' id='word_1_362' title='bbox 2040 4474 2198 4552; x_wconf 47' lang='lat'><strong>“364,</strong></span> <span class='ocrx_word' id='word_1_363' title='bbox 2224 4476 2356 4541; x_wconf 79' lang='lat' dir='ltr'><strong>apud</strong></span> <span class='ocrx_word' id='word_1_364' title='bbox 2377 4481 2543 4542; x_wconf 77' lang='lat' dir='ltr'><strong>gratos</strong></span> <span class='ocrx_word' id='word_1_365' title='bbox 2572 4476 2801 4529; x_wconf 76' lang='lat' dir='ltr'><strong>homines</strong></span> 
     </span>
     <span class='ocr_line' id='line_1_38' title="bbox 560 4536 2161 4606; baseline 0.001 -16"><span class='ocrx_word' id='word_1_366' title='bbox 560 4555 701 4591; x_wconf 80' lang='lat' dir='ltr'><strong>serve</strong></span> <span class='ocrx_word' id='word_1_367' title='bbox 735 4555 862 4606; x_wconf 80' lang='lat' dir='ltr'><strong>your</strong></span> <span class='ocrx_word' id='word_1_368' title='bbox 889 4539 1142 4590; x_wconf 79' lang='lat' dir='ltr'><strong>character</strong></span> <span class='ocrx_word' id='word_1_369' title='bbox 1164 4536 1247 4588; x_wconf 81' lang='lat' dir='ltr'><strong>for</strong></span> <span class='ocrx_word' id='word_1_370' title='bbox 1276 4540 1603 4602; x_wconf 69' lang='lat' dir='ltr'><strong>connatam.</strong></span> <span class='ocrx_word' id='word_1_371' title='bbox 1810 4538 1980 4590; x_wconf 75' lang='lat' dir='ltr'><strong>ficium</strong></span> <span class='ocrx_word' id='word_1_372' title='bbox 2001 4555 2161 4605; x_wconf 86' lang='lat' dir='ltr'><strong>poms.</strong></span> 
     </span>
    </p>
   </div>
  </div>
 </body>
</html>
