3229 5145
516 466 641 528 136
1236 465 1380 528 ΕΡ.
1446 463 1601 530 VII.
1658 464 1886 548 (ATT.
1935 465 1996 527 J.
2044 463 2178 546 11).

512 638 640 703 11161
690 639 935 725 negotii
981 659 1170 703 causa
1213 638 1282 703 in
1335 638 1459 703 ista
1503 637 1645 702 loca
1689 637 1919 702 missus
1962 660 2143 703 esses.
2232 636 2346 703 Me
2391 641 2606 704 autem
2648 660 2798 705 eum
2840 643 2906 705 et

512 742 798 806 offendes
844 764 999 825 erga
1036 746 1101 806 te
1137 745 1203 807 et
1248 741 1489 821 audies,
1534 742 1718 826 quasi
1764 741 1945 818 mihi,
1992 740 2046 806 si
2086 764 2249 826 quae
2289 745 2474 827 parta
2518 746 2725 822 erunt,
2773 764 2904 807 non

512 846 702 910 modo
740 851 805 910 te
843 850 1194 931 praesente,
1237 846 1349 909 sed
1388 868 1502 930 per
1540 848 1605 910 te
1648 849 1834 930 parta
1873 845 2022 912 sint.
2112 843 2394 911 Tulliola.
2420 844 2542 911 tibi
2570 845 2741 912 diem
2771 847 2903 923 dat,

511 970 875 1033 sponsorem
906 970 1007 1014 me
1036 948 1337 1033 appellat.

825 1261 991 1328 VII.
1082 1260 1200 1327 ΤΟ
1242 1260 1663 1343 ATTICUS,
1711 1284 1796 1328 AT
1838 1262 2128 1329 Arnnns
2178 1263 2367 1349 (Ar'r.
2402 1285 2448 1330 1.
2485 1265 2597 1350 11).

976 1475 1180 1534 noun,
1224 1475 1289 1518 A.
1323 1474 1389 1518 u.
1422 1475 1476 1518 6.
1511 1471 1644 1533 6873
1693 1475 1754 1518 B.
1788 1476 1840 1519 e.
1875 1471 1976 1534 673
2023 1475 2171 1518 ΑΕΤ.
2205 1475 2322 1519 cm.
2358 1475 2438 1522 69.

510 1644 586 1694 1)6
609 1643 821 1696 Lucceio
841 1648 1033 1709 praeter
1053 1641 1465 1707 exspectationem
1491 1644 1709 1693 nondum
1739 1643 1947 1708 placato,
1973 1644 2033 1693 de
2055 1643 2209 1707 signis
2230 1642 2496 1705 mittendis,
2523 1645 2584 1695 de
2605 1643 2902 1696 bibliotheca

1010 1726 1106 1776 sibi
1127 1727 1472 1786 conservanda,
1496 1727 1557 1776 de
1579 1725 1753 1776 ceteris
1775 1726 1920 1776 rebus
1941 1725 2042 1776 iam
2062 1724 2399 1775 deterioribus.

1324 1892 1586 1947 CICERO
1624 1892 1888 1948 ATTICO
1925 1893 2075 1947 SAL.

639 2036 699 2100 1.
750 2034 843 2100 Et
871 2057 1015 2100 mea
1052 2038 1277 2120 sponte
1306 2032 1621 2099 faciebam
1659 2037 1851 2098 antea
1884 2036 1950 2097 et
1985 2036 2129 2119 post
2167 2031 2415 2098 duabus
2453 2032 2737 2118 epistolis
2770 2033 2901 2098 tuis

506 2138 965 2226 perdiligenter
1002 2139 1073 2203 in
1113 2137 1402 2203 eamdem
1441 2137 1757 2202 rationem
1797 2136 2046 2222 scriptis
2078 2158 2316 2222 magno
2345 2159 2532 2222 opere
2560 2158 2702 2202 sum
2731 2159 2897 2202 com-

505 2253 736 2308 motus.
855 2242 957 2307 Eo
1008 2240 1346 2306 accedebat
1395 2239 1686 2307 hortator
1735 2241 2041 2306 adsiduus
2090 2239 2451 2322 Sallustius,
2510 2244 2587 2306 ut
2643 2262 2899 2327 agerem

506 2367 700 2432 quam
744 2345 1234 2433 diligentissime
1281 2366 1426 2409 cum
1473 2343 1748 2410 Lucceio
1796 2345 1876 2410 de
1924 2348 2137 2410 vestra
2177 2348 2388 2409 vetere
2427 2343 2639 2431 gratia
2682 2366 2899 2409 recon-

506 2449 804 2515 cilianda.
894 2449 1040 2528 Sed,
1093 2470 1240 2514 cum
1285 2448 1501 2513 omnia
1546 2447 1855 2528 fecissem,
1901 2471 2033 2513 non
2083 2448 2274 2514 modo
2317 2470 2459 2513 eam
2500 2448 2900 2514 voluntatem

414 2537 425 2545 ·
504 2554 658 2632 61116,
694 2576 855 2640 quae
896 2551 1109 2619 fuerat
1147 2575 1303 2639 erga
1340 2555 1425 2632 te,
1455 2574 1823 2638 recuperare
1862 2575 1995 2618 non
2028 2552 2231 2638 potui,
2263 2575 2487 2618 verum
2523 2572 2607 2617 ne
2645 2572 2900 2617 causam

504 2658 764 2742 quidem
808 2657 1032 2722 elicere
1074 2656 1455 2721 immutatae
1483 2655 1853 2721 voluntatis.
1943 2654 2229 2721 Tametsi
2261 2656 2457 2722 iactat
2491 2655 2601 2720 ille
2638 2655 2898 2741 quidem

505 2761 670 2826 illud
708 2783 897 2826 suum
937 2759 1276 2826 arbitrium
1318 2763 1383 2824 et
1423 2781 1517 2838 ea,
1550 2780 1715 2844 quae
1754 2758 1887 2825 iam
1925 2763 2087 2839 tum,
2119 2781 2265 2825 cum
2305 2760 2545 2839 aderas,
2576 2758 2900 2824 offendere

505 2864 641 2928 eius
684 2865 973 2929 animum
1012 2861 1485 2949 intellegebam,
1531 2866 1749 2927 tamen
1801 2861 1997 2928 habet
2040 2863 2349 2948 quiddam
2396 2861 2680 2949 profecto
2725 2860 2899 2947 quod

504 2968 713 3053 magis
756 2968 827 3031 in
882 2967 1095 3031 animo
1141 2965 1277 3031 eius
1323 2966 1644 3046 insederit,
1695 2967 1866 3051 quod
1910 2988 2114 3052 neque
2154 2965 2458 3052 epistolae
2499 2970 2650 3030 tuae
2691 2986 2899 3049 neque

504 3076 723 3135 nostra
767 3070 1091 3155 adlegatio
1137 3074 1272 3134 tam
1321 3073 1529 3155 potest
1572 3069 1762 3134 facile
1809 3070 2039 3149 delere,
2081 3091 2276 3155 quam
2319 3073 2394 3133 tu
2434 3089 2731 3155 praesens
2765 3089 2900 3132 non

506 3174 694 3238 modo
745 3174 1049 3252 oratione,
1102 3174 1214 3238 sed
1255 3177 1369 3238 tuo
1406 3172 1592 3237 vultu
1636 3172 1748 3238 illo
1799 3172 2107 3238 familiari
2152 3173 2355 3252 tolles,
2402 3172 2458 3237 si
2499 3173 2689 3238 modo
2730 3171 2899 3236 tanti

505 3277 770 3362 putaris,
800 3276 870 3340 id
901 3276 1092 3361 quod,
1124 3276 1179 3341 si
1206 3297 1309 3341 me
1338 3277 1557 3341 audies
1596 3279 1661 3341 et
1701 3275 1756 3341 si
1794 3274 2184 3341 humanitati
2213 3279 2364 3341 tuae
2391 3280 2677 3341 constare
2704 3274 2898 3354 voles,

506 3385 674 3445 certe
719 3378 994 3466 putabis.
1082 3377 1187 3445 Ac
1234 3401 1317 3444 ne
1366 3379 1532 3445 illud
1578 3379 1826 3460 mirere,
1874 3402 2005 3459 cur,
2055 3402 2201 3445 cum
2244 3400 2365 3465 ego
2413 3383 2603 3443 antea
2651 3378 2896 3464 signifi·

507 3485 705 3548 carim
751 3482 870 3548 tibi
913 3505 1028 3568 per
1066 3483 1314 3547 litteras
1349 3504 1455 3548 me
1492 3504 1743 3568 sperare
1783 3483 1971 3549 illum
2014 3484 2085 3549 in
2126 3487 2347 3549 nostra
2386 3486 2697 3568 potestate
2741 3480 2898 3562 fore,

506 3610 679 3652 nunc
722 3587 895 3651 idem
940 3587 1159 3651 videar
1205 3587 1509 3665 diffidere,
1551 3586 1923 3653 incredibile
1966 3591 2062 3653 est
2112 3590 2353 3672 quanto
2399 3585 2561 3650 mihi
2605 3585 2902 3650 videatur

507 3691 683 3755 illius
712 3690 1007 3755 voluntas
1037 3688 1414 3755 obstinatior
1440 3695 1508 3756 et
1534 3690 1605 3755 in
1633 3689 1755 3756 hac
1782 3691 2115 3756 iracundia
2143 3689 2568 3755 obfirmatior:
2606 3690 2718 3753 sed
2745 3688 2902 3753 haec

507 3799 623 3859 aut
660 3793 1077 3873 sanabuntur,
1120 3815 1266 3859 cum
1295 3793 1561 3873 16116116,
1600 3798 1715 3860 aut
1755 3794 1816 3860 ei
1852 3794 2119 3859 molesta
2156 3797 2363 3874 erunt,
2411 3795 2482 3858 in
2521 3797 2666 3859 utro
2713 3792 2900 3878 culpa

510 3979 613 4030 you
634 3979 717 4014 are
740 3963 825 4014 the
848 3978 980 4012 same
1002 3979 1055 4011 as
1083 3962 1128 4011 if
1153 3978 1250 4026 any
1275 3979 1466 4013 success
1491 3962 1517 4013 1
1541 3914 1659 4028 gay
1757 3981 1788 4014 a
1808 3980 1931 4028 very
1951 3963 2211 4013 uncritical
2244 3962 2509 4027 expedient
2535 3969 2588 4013 to
2616 3963 2730 4013 read
2765 3970 2898 4012 tuum

512 4029 671 4079 attain
703 4032 773 4091 (at
802 4027 886 4077 the
914 4027 1141 4091 election)
1169 4045 1298 4076 were
1328 4029 1545 4078 attained
1571 4035 1659 4078 not
1758 4030 1952 4093 against
1973 4028 2056 4078 the
2078 4045 2193 4078 mss.

512 4095 631 4158 only
660 4093 715 4143 in
744 4109 875 4169 your
899 4108 1145 4180 presence,
1171 4093 1260 4143 but
1283 4092 1497 4158 through
1532 4110 1659 4159 your
1823 4101 1987 4142 nostra
2015 4092 2272 4157 adleqatio]
2340 4097 2352 4119 ‘
2368 4092 2454 4142 the
2483 4092 2684 4142 1111661611
2713 4100 2766 4142 to
2793 4092 2899 4142 him

512 4159 954 4222 instrumentahty.
1756 4158 1867 4209 that
1912 4158 1938 4207 1
1982 4158 2112 4208 have
2153 4158 2494 4207 undertaken.’
2561 4160 2818 4221 Adlcqacio
2855 4157 2899 4206 is

582 4222 813 4289 Tulliola]
884 4228 897 4250 ‘
916 4222 1008 4287 My
1030 4221 1160 4272 little
1181 4221 1348 4271 Tullia
1369 4221 1412 4271 is
1433 4222 1514 4272 for
1532 4223 1655 4274 hav·
1755 4224 1974 4287 private;
2014 4226 2201 4285 leqatio,
2225 4223 2409 4286 public.

512 4288 601 4351 ing
622 4289 707 4338 the
728 4289 825 4337 law
846 4288 903 4337 of
918 4303 1034 4352 you,
1058 4290 1155 4338 and
1180 4288 1225 4337 is
1252 4287 1477 4353 dunning
1501 4304 1580 4338 me
1601 4304 1657 4338 as
1822 4289 1969 4351 idem]
2041 4297 2054 4316 ⁴
2070 4289 2193 4349 vet,'
2218 4288 2303 4338 the
2324 4304 2447 4336 nont.
2473 4303 2615 4337 maso.

512 4369 640 4416 your
660 4352 1082 4415 representative)
1819 4357 1861 4402 ei
1884 4340 2103 4418 molesta]
2170 4352 2262 4402 ‘he
2292 4353 2398 4401 will
2427 4360 2578 4402 smart
2610 4351 2691 4402 for
2719 4352 2758 4401 it
2787 4351 2900 4401 who

581 4421 623 4465 1.
664 4419 790 4466 illud
819 4434 957 4465 suum
989 4415 1270 4482 arbitrium]
1341 4417 1481 4467 ‘that
1524 4417 1652 4467 arbi·
1754 4420 1978 4468 deserves
2005 4418 2083 4467 it.’
2154 4418 2241 4481 Cp.
2277 4420 2329 4465 id
2351 4420 2504 4478 ipsum
2534 4424 2695 4465 utrum
2719 4418 2895 4477 libebit,

511 4481 692 4530 tration
716 4498 824 4531 case
852 4483 1067 4541 (decided
1098 4483 1165 4546 by
1188 4499 1289 4547 you
1311 4483 1503 4546 against
1529 4483 1650 4545 him)
1757 4484 1831 4532 Dc
1873 4484 1985 4531 Son.
2026 4485 2104 4532 58.
2185 4485 2226 4531 A
2265 4482 2431 4532 rather
2469 4482 2901 4547 unsympathising

512 4547 667 4594 wlede-k
707 4548 763 4596 ho
802 4551 841 4594 is
880 4550 1060 4610 always
1109 4549 1316 4610 leamn‘ny
1355 4550 1452 4597 on.'
1525 4549 1575 4599 It
1612 4549 1654 4598 is
1757 4549 2033 4599 sentiment.
