3229 5145
546 446 669 508 190
1234 443 1379 507 ΕΡ.
1427 443 1674 510 XVII.
1729 442 1963 523 (ATT.
2009 445 2069 508 I.
2119 447 2250 531 12.)

540 616 708 683 nihil
766 639 885 703 ego
943 617 1057 682 illa
1113 616 1572 702 impudentius,
1648 617 1943 696 astutius,
2002 618 2241 684 lentius
2299 619 2477 684 vidi:
2557 625 2575 655 ‘
2600 619 2947 687 Libertum

540 721 776 787 mitto:
823 718 973 786 Tito
1016 720 1319 786 mandavi
1345 743 1360 785 ε
1382 718 1400 749 ’
1448 723 1708 801 σκήψεις
1753 725 1946 806 atque
1994 721 2337 807 ἆναβολαῖ.
2430 722 2559 789 Sed
2600 724 2813 791 nescio
2859 748 2948 791 an

539 826 927 910 ταύτόματον
971 826 1170 909 ἡμῶν·
1217 846 1368 888 nam
1403 823 1568 889 mihi
1596 823 1980 910 Pompeiani
2017 826 2345 911 prodromi
2372 827 2682 893 nuntiant
2724 833 2947 914 aperte

540 927 924 1014 Pompeium
960 932 1254 992 acturum
1283 926 1576 993 Antonio
1622 928 1871 992 succedi
1914 934 2224 1013 oportere,
2274 930 2624 1015 eodemque
2654 934 2946 1017 tempore

541 1037 693 1119 aget
738 1036 993 1118 praetor
1042 1031 1128 1096 ad
1172 1030 1505 1116 populum.
1598 1029 1732 1096 Res
1783 1032 1922 1097 eius
1974 1033 2150 1097 modi
2202 1037 2317 1113 est,
2363 1036 2441 1098 ut
2490 1055 2612 1120 ego
2667 1055 2785 1099 nec
2831 1057 2949 1120 per

540 1134 856 1201 bonorum
889 1157 1006 1200 nec
1044 1156 1159 1220 per
1184 1134 1561 1220 popularem
1600 1134 2137 1200 existimationem
2168 1135 2432 1202 honeste
2470 1137 2708 1222 possim
2735 1136 2947 1203 homi·

539 1261 690 1304 nem
720 1238 1076 1317 defendere,
1121 1260 1238 1303 nec
1265 1237 1429 1302 mihi
1458 1236 1677 1316 libeat,
1724 1238 1897 1323 quod
1926 1238 2029 1303 vel
2055 1239 2413 1305 maximum
2457 1243 2574 1305 est.
2676 1239 2948 1306 Etenim

540 1342 771 1409 accidit
812 1341 954 1422 hoc,
998 1341 1170 1427 quod
1212 1345 1422 1406 totum
1465 1340 1647 1405 cuius
1684 1340 1860 1406 modi
1900 1341 1983 1406 sit
2019 1343 2259 1408 mando
2298 1342 2422 1408 tibi
2460 1347 2538 1407 ut
2575 1345 2943 1430 perspicias,

539 1447 601 1512 2.
647 1445 988 1512 Libertum
1044 1467 1165 1532 ego
1207 1443 1432 1523 habeo,
1491 1466 1644 1509 sane
1701 1467 1981 1529 nequam
2026 1444 2372 1525 hominem,
2419 1446 2731 1513 Hilarum
2778 1449 2945 1528 dico,

539 1551 1055 1617 ratiocinatorem
1098 1551 1163 1614 et
1201 1547 1501 1613 clientem
1538 1552 1747 1613 tuum.
1839 1547 1943 1612 De
1987 1570 2062 1614 eo
2090 1548 2253 1613 mihi
2281 1548 2582 1616 Valerius
2627 1552 2948 1638 interpres

544 1655 807 1720 nuntiat
856 1651 1281 1739 Thyillusque
1328 1674 1394 1716 se
1440 1652 1693 1717 audisse
1738 1651 1960 1716 scribit
2004 1651 2201 1717 haec:
2249 1675 2381 1718 esse
2423 1652 2749 1720 hominem
2797 1678 2948 1722 cum

543 1757 870 1823 Antonio:
916 1756 1281 1822 Antonium
1327 1776 1515 1840 porro
1557 1754 1630 1819 in
1678 1754 1979 1841 cogendis
2021 1755 2307 1840 pecuniis
2358 1755 2653 1822 dictitare
2694 1764 2946 1844 partem

541 1860 706 1926 mihi
752 1859 973 1945 quaeri
1015 1862 1082 1923 et
1123 1881 1164 1923 a
1204 1880 1308 1923 me
1352 1858 1680 1923 custodem
1724 1858 2078 1923 communis
2122 1863 2421 1943 quaestus
2463 1859 2768 1926 libertum
2812 1885 2948 1927 esse

542 1965 826 2029 missum.
938 1961 1095 2027 Non
1139 1983 1282 2026 sum
1322 1961 1729 2026 mediocriter
1771 1967 2125 2026 commotus
2168 1984 2376 2048 neque
2419 1967 2638 2028 tamen
2682 1965 2943 2044 credidi,

542 2068 656 2133 sed
684 2070 850 2132 certe
894 2064 1139 2150 aliquid
1179 2063 1487 2129 sermonis
1530 2062 1680 2129 fuit.
1775 2062 2015 2130 Totum
2042 2066 2382 2153 investiga,
2429 2088 2754 2153 cognosce,
2800 2090 2947 2154 per-

543 2170 713 2256 spice
743 2171 807 2236 et
834 2168 1218 2234 nebulonem
1249 2167 1458 2245 illum,
1506 2166 1561 2232 si
1590 2189 1719 2252 quo
1747 2172 1935 2251 pacto
1963 2173 2163 2254 potes,
2210 2192 2290 2234 ex
2317 2170 2457 2235 istis
2484 2171 2639 2236 locis
2696 2194 2945 2237 amove.

543 2273 766 2339 Huius
789 2272 1095 2337 sermonis
1110 2270 1408 2337 Valerius
1438 2274 1763 2336 auctorem
1787 2269 1906 2336 Cn.
1934 2270 2274 2337 Plancium
2297 2274 2693 2341 nominabat.
2747 2274 2944 2341 Man-

542 2377 626 2442 do
654 2375 776 2441 tibi
805 2375 998 2462 plane
1027 2378 1234 2440 totum
1265 2379 1340 2439 ut
1369 2374 1588 2439 videas
1618 2374 1798 2440 cuius
1842 2374 2018 2439 modi
2046 2375 2148 2440 sit.
2241 2377 2302 2440 3.
2350 2376 2732 2463 Pompeium
2760 2378 2946 2445 nobis

543 2480 993 2546 amicissimum
1026 2481 1273 2543 constat
1302 2500 1451 2543 esse.
1516 2477 1888 2544 Divortium
1908 2478 2165 2545 Muciae
2185 2479 2596 2546 vehementer
2615 2481 2941 2568 probatur.

539 2584 617 2651 P.
652 2584 972 2663 Clodium,
1001 2582 1208 2669 Appii
1237 2581 1339 2661 F„
1381 2583 1568 2648 credo
1606 2587 1673 2647 te
1712 2584 1962 2649 audisse
2003 2607 2151 2650 cum
2183 2589 2358 2651 veste
2386 2585 2689 2651 muliebri
2720 2588 2944 2673 depre-

538 2687 812 2754 hensum
861 2688 1038 2753 domi
1082 2686 1155 2753 G.
1204 2686 1509 2765 Caesaris,
1569 2708 1715 2751 cum
1767 2709 1883 2772 pro
1935 2689 2174 2774 populo
2232 2690 2434 2768 fieret,
2495 2712 2774 2775 eumque
2828 2713 2948 2777 per

538 2814 771 2858 manus
814 2791 1100 2857 servulae
1143 2795 1465 2855 servatum
1508 2795 1576 2855 et
1614 2790 1955 2855 eductum:
1999 2814 2139 2857 rem
2178 2814 2311 2857 esse
2345 2792 2589 2879 insigni
2625 2793 2939 2860 infamia:

540 2896 713 2981 quod
742 2900 807 2960 te
837 2894 1099 2959 moleste
1129 2893 1296 2958 ferre
1326 2897 1497 2958 certo
1537 2893 1688 2958 scio.
1778 2895 1839 2957 4.
1889 2892 2068 2964 Quid
2094 2900 2425 2981 praeterea
2453 2897 2538 2961 ad
2566 2901 2633 2961 te
2670 2897 2944 2965 scribam

539 3020 672 3064 non
700 2996 925 3063 habeo·
1016 2996 1109 3062 Et
1137 2995 1500 3062 mehercule
1544 3017 1720 3060 eram
1750 2996 1822 3060 in
1852 2996 2183 3063 scribendo
2227 2999 2686 3066 conturbatior.
2763 3001 2944 3069 'Nam

539 3124 699 3187 puer
728 3100 997 3167 festivus
1040 3104 1424 3185 anagnostes
1465 3104 1701 3178 noster,
1747 3098 2076 3166 Sositheus
2119 3102 2470 3200 decesserat
2507 3127 2737 3190 meque
2777 3107 2946 3192 plus,

537 3227 733 3291 quam
777 3204 943 3270 servi
984 3226 1156 3269 mors
1199 3202 1430 3269 debere
1456 3202 1815 3284 videbatur,
1859 3211 2304 3272 commoverat.
2395 3205 2502 3273 Tu
2529 3208 2723 3274 velim
2753 3232 2944 3296 saepe

602 3475 979 3539 ταύτόματον
1034 3474 1230 3542 ἣμῦν]
1317 3474 1507 3526 καλλίω
1561 3481 1685 3533 βου·
1788 3477 1901 3537 (pro
1915 3477 2127 3539 populo),
2166 3475 2393 3536 because,
2440 3476 2633 3541 though
2668 3477 2947 3529 celebrated

536 3541 753 3592 λούεται.
822 3540 1056 3590 Menand.
1786 3541 1840 3589 in
1864 3557 1895 3590 a
1916 3540 2107 3603 private
2131 3540 2300 3601 house,
2335 3541 2447 3591 that
2473 3541 2628 3591 house
2651 3558 2752 3592 was
2775 3542 2946 3594 bound

604 3609 652 3655 2.
678 3605 945 3682 inter-pru]
1008 3606 1091 3654 An
1111 3604 1403 3668 interpreter
1403 3603 1687 3655 ‘sbusiness
1785 3610 1840 3655 to
1859 3605 1922 3654 be
1944 3604 2029 3655 the
2050 3605 2227 3654 official
2251 3605 2499 3656 residence
2520 3606 2576 3656 of
2598 3605 2682 3656 the
2706 3611 2869 3656 consul
2888 3624 2946 3657 or

534 3686 652 3730 was,
674 3670 728 3720 in
766 3671 939 3731 Rome,
992 3675 1046 3720 to
1096 3670 1304 3733 explain
1351 3670 1437 3719 the
1484 3669 1685 3733 foreign
1778 3677 1981 3732 praetor
2003 3670 2234 3718 urbatum.
2305 3670 2484 3719 Caesar
2506 3687 2610 3721 vas
2625 3679 2827 3733 praetor
2849 3689 2940 3721 ur·

536 3736 914 3798 proclamatione
963 3737 1060 3784 and
1103 3734 1345 3797 interpret
1387 3734 1684 3792 embassies;
1788 3736 1938 3783 banus
1958 3735 2056 3783 and
2073 3736 2298 3798 pontffex
2319 3750 2374 3784 as
2396 3735 2526 3785 well.

536 3801 672 3850 and
657 3817 711 3850 ιιι
732 3800 818 3850 the
840 3801 1097 3863 provinces
1118 3799 1431 3862 tointerpret
1451 3800 1537 3850 the
1559 3806 1687 3849 stato
1850 3806 2092 3848 servatum
2115 3806 2160 3847 et
2184 3799 2427 3865 eductum]
2494 3801 2549 3851 tu
2573 3802 2653 3851 διὰ
2676 3804 2788 3851 δυοῖ
2766 3821 2826 3852 ιν.

570 3864 930 3942 roclamations,
966 3863 1134 3914 which
1155 3880 1284 3932 were
1313 3865 1384 3929 by
1404 3864 1501 3914 law
1523 3864 1579 3913 in
1598 3864 1688 3914 the
1852 3866 2038 3927 insigni
2059 3863 2295 3928 infamia]
2362 3863 2454 3914 See
2477 3863 2668 3915 Introd.
2686 3866 2723 3915 i.
2752 3866 2775 3931 ξ
2797 3871 2841 3929 1,
2865 3865 2946 3916 for

605 3939 690 4043 a?
709 3936 998 4059 Ἕῖαεηῖῗιιηι]
1060 3993 1148 4043 the
1181 3992 1375 4057 subject
1407 3993 1464 4044 of
1490 3992 1576 4043 the
1608 4010 1682 4043 or.
1785 3944 1816 3978 ⁸
1837 3928 2445 4070 fgllgti‘stgussiongf‘btgix]
2455 3936 2667 4045 m&piacli-0
2686 3999 2775 4045 not
2789 3994 2943 4045 know

527 4075 623 4120 pro
644 4061 859 4109 Planew.
1785 4058 1924 4108 what
1944 4058 2046 4108 else
2066 4063 2119 4108 to
2141 4059 2284 4108 write
2305 4066 2359 4108 to
2374 4075 2506 4124 you3
2529 4059 2706 4122 ’quod
2735 4061 2942 4110 scribam

605 4127 650 4173 3.
685 4124 875 4189 Mucia]
938 4122 1131 4174 uterino
1163 4121 1308 4172 sister
1327 4121 1384 4172 of
1406 4121 1465 4178 Q.
1495 4122 1680 4173 Metel·
1784 4140 1879 4172 non
1914 4124 2054 4173 habeo
2079 4123 2243 4173 would
2274 4139 2436 4181 mean,
2471 4124 2533 4173 ‘I
2561 4124 2692 4174 have
2725 4125 2941 4188 nothing

534 4187 616 4237 lus
649 4188 806 4251 Celer,
839 4190 936 4238 and
968 4188 1089 4239 wife
1134 4189 1191 4238 of
1220 4187 1499 4263 Pompeius.
1585 4188 1686 4237 She
1788 4188 1889 4238 else
1924 4194 1978 4238 to
2012 4189 2156 4239 write
2187 4194 2241 4239 to
2272 4189 2415 4254 you?
2497 4188 2591 4239 See
2628 4205 2695 4239 on
2734 4189 2844 4240 Att.
2881 4189 2939 4239 ii.

538 4268 641 4302 vas
704 4253 963 4318 suspected
1036 4252 1093 4303 of
1160 4269 1227 4302 an
1290 4250 1507 4316 intr-igue
1562 4252 1688 4301 with
1792 4255 1869 4314 22,
1888 4256 1935 4302 6.

538 4316 886 4466 Cfflflerot]
957 4382 1139 4432 ‘when
1160 4380 1379 4431 sacrifice
1401 4397 1504 4431 was
1534 4379 1687 4445 being
1785 4316 2182 4432 οοὲἴέἔὲιωῖὲέ]
2201 4317 2710 4446 usgmaggipntsetoeth?
2729 4317 2941 4446 ιῗιιιᾶιὶὶιιιιέ

534 4445 753 4496 offemd!
824 4447 890 4497 So
912 4446 969 4524 fii
998 4468 1085 4508 av,
1108 4448 1314 4508 operari,
1353 4447 1453 4495 and
1474 4462 1682 4495 curaer·
1785 4449 1990 4502 decemc,
2017 4447 2122 4495 Att.
2144 4446 2179 4495 i.
2203 4450 2251 4506 6,
2271 4450 2317 4495 2.
2379 4447 2481 4497 But
2502 4463 2583 4497 see
2604 4454 2720 4497 note
2741 4464 2806 4498 on
2820 4448 2938 4499 that

535 4513 647 4561 tice.
696 4511 804 4562 The
836 4511 960 4563 sacri
998 4527 1054 4562 ce
1078 4527 1179 4561 vu
1211 4527 1241 4561 a
1266 4511 1432 4572 public
1464 4509 1682 4561 sacrifice
1783 4525 2001 4575 passage.
2075 4484 2320 4573 Op.P1’in.
2349 4511 2442 4575 Ep.
2474 4528 2579 4562 vm.
2612 4515 2687 4562 16.
