3229 5145
922 491 1062 556 ΕΡ.
1114 490 1288 556 XII.
1342 490 1499 575 (DE
1538 490 1735 555 PET
1776 489 2060 576 CONS.)
2559 492 2683 557 173

300 667 530 733 stituta
583 666 656 731 in
713 687 843 753 qua
899 667 1142 732 multae
1190 664 1480 745 insidiae,
1539 663 1749 730 multa
1797 663 2072 744 fallacia,
2132 664 2341 730 multa
2389 664 2460 731 in
2510 665 2685 732 omni

299 793 534 857 genere
580 769 742 837 vitia
784 774 1158 835 versantur:
1206 769 1560 834 multorum
1605 768 2005 855 adrogantia,
2060 769 2413 834 multorum
2465 772 2687 835 contu-

298 873 526 955 macia,
585 874 937 939 multorum
1008 871 1478 952 malevolentia,
1549 871 1904 938 multorum
1963 870 2278 957 superbia,
2337 872 2690 938 multorum

301 977 520 1045 odium
550 999 625 1043 ac
651 976 943 1043 molestia
970 976 1349 1061 perferenda
1378 980 1491 1042 est.
1568 974 1780 1042 Video
1809 997 1941 1042 esse
1970 976 2195 1063 magni
2222 975 2470 1041 consilii
2498 979 2690 1062 atque

302 1082 459 1146 artis
506 1081 578 1145 in
623 1083 721 1145 tot
769 1079 1102 1146 hominum
1161 1080 1465 1165 cuiusque
1513 1079 1692 1145 modi
1734 1078 1912 1145 vitiis
1961 1079 2285 1164 tantisque
2330 1084 2690 1146 versantem

301 1184 508 1249 vitare
552 1183 986 1263 offensionem,
1016 1182 1220 1248 vitare
1261 1182 1573 1262 fabulam,
1602 1183 1808 1248 vitare
1836 1183 2120 1263 insidiae,
2165 1205 2298 1249 esse
2337 1206 2542 1249 unum
2579 1183 2693 1249 ho-

302 1287 548 1353 minem
585 1287 1129 1352 accommodatum
1158 1286 1243 1351 ad
1280 1288 1533 1351 tantam
1560 1307 1814 1351 morum
1853 1309 1926 1352 ac
1968 1308 2335 1353 sermonum
2364 1310 2437 1353 ac
2464 1289 2691 1353 volun-

302 1395 517 1457 tatum
542 1391 939 1457 varietatem.
1044 1391 1152 1454 55.
1207 1389 1356 1461 Qua
1396 1412 1465 1455 re
1516 1389 1717 1455 etiam
1760 1393 1956 1475 atque
1995 1390 2194 1456 etiam
2232 1413 2430 1477 perge
2471 1394 2690 1457 tenere

303 1494 498 1559 istam
538 1494 731 1573 viam,
783 1516 978 1579 quam
1033 1493 1366 1558 institisti:
1426 1492 1665 1559 excelle
1723 1493 2033 1559 dicendo:
2092 1492 2213 1560 hoc
2270 1498 2335 1560 et
2391 1497 2695 1561 tenentur

306 1596 555 1663 Romae
611 1596 900 1662 homines
957 1601 1022 1662 et
1079 1597 1469 1662 adliciuntur
1525 1600 1592 1662 et
1648 1596 1730 1663 ab
1787 1596 2194 1683 impediendo
2251 1620 2326 1664 ac
2381 1599 2694 1665 laedendo

304 1701 722 1787 repelluntur.
811 1699 905 1765 Et
956 1702 1259 1786 quoniam
1297 1700 1367 1765 in
1410 1700 1529 1766 hoc
1575 1701 1679 1765 vel
1713 1701 1992 1766 maxime
2040 1705 2135 1767 est
2173 1703 2402 1767 vitiosa
2448 1702 2692 1783 civitas,

308 1804 483 1891 quod
515 1805 856 1890 largitione
894 1804 1270 1890 interposita
1303 1804 1562 1869 virtutis
1599 1826 1673 1870 ac
1711 1805 2049 1890 dignitatis
2091 1804 2376 1871 oblivisci
2411 1806 2588 1887 solet,
2625 1807 2697 1872 in

308 1908 431 1974 hoc
474 1910 580 1974 fac
623 1913 700 1973 ut
737 1912 803 1973 te
846 1906 1009 1972 bene
1058 1908 1253 1987 noris,
1297 1908 1369 1973 id
1415 1911 1530 1989 est,
1582 1912 1659 1973 ut
1692 1907 2033 1994 intellegas
2079 1931 2226 1974 eum
2272 1931 2404 1975 esse
2449 1913 2535 1991 te,
2584 1911 2698 1996 qui

309 2011 533 2077 iudicii
571 2034 643 2077 ac
680 2010 949 2098 periculi
974 2016 1218 2077 metum
1249 2011 1605 2076 maximum
1645 2012 2163 2097 competitoribus
2192 2013 2441 2079 adferre
2475 2014 2696 2100 possis.

311 2114 446 2181 Fac
502 2137 568 2180 se
623 2121 700 2180 ut
758 2113 871 2179 abs
927 2120 993 2180 te
1050 2115 1352 2180 custodiri
1409 2119 1601 2201 atque
1661 2114 1980 2181 observari
2028 2116 2272 2182 sciant:
2340 2139 2488 2183 cum
2548 2119 2700 2185 dili-

313 2219 601 2305 gentiam
644 2223 846 2298 tuam‚
904 2240 1050 2284 cum
1101 2219 1543 2285 auctoritatem
1588 2218 1847 2305 vimque
1897 2219 2169 2300 dicendi,
2227 2224 2370 2286 tum
2415 2222 2700 2308 profecto

314 2323 621 2407 equestris
670 2321 912 2387 ordinis
955 2344 1110 2408 erga
1155 2326 1221 2387 te
1260 2322 1546 2387 studium
1590 2322 2055 2408 pertimescent.
2144 2325 2247 2389 56.
2287 2323 2509 2410 Atque
2546 2326 2718 2401 haec,

313 2425 408 2491 ita
435 2426 579 2491 volo
618 2430 683 2491 te
711 2426 842 2490 illis
871 2447 1241 2512 proponere,
1285 2448 1418 2492 non
1446 2431 1522 2491 ut
1551 2426 1808 2491 videare
1848 2427 2309 2493 accusationem
2337 2428 2469 2493 iam
2497 2429 2699 2495 medi-

314 2529 460 2608 tari,
507 2529 619 2595 sed
645 2535 721 2596 ut
748 2528 868 2595 hoc
894 2533 1134 2595 terrore
1163 2529 1415 2595 facilius
1442 2528 1568 2609 ‚hoc
1597 2529 1828 2615 ipsum,
1874 2530 2047 2616 quod
2075 2530 2233 2618 agis,
2279 2553 2698 2618 consequare:

315 2638 382 2698 et
410 2633 599 2719 plane
627 2634 716 2700 sic
755 2634 1065 2699 contende
1094 2634 1390 2699 omnibus
1431 2634 1645 2699 nervis
1687 2656 1761 2699 ac
1805 2633 2238 2716 facultatibus,
2283 2641 2360 2701 ut
2388 2635 2701 2721 adipisca-

316 2758 465 2803 mur
491 2738 664 2822 quod
689 2737 986 2823 petimus.
1075 2736 1284 2805 Video
1313 2736 1497 2802 nulla
1524 2759 1658 2802 esse
1693 2737 1950 2803 comitia
1976 2741 2114 2803 tam
2141 2738 2480 2824 inquinata
2504 2739 2704 2827 largi-

319 2841 514 2921 tione,
553 2840 786 2926 quibus
823 2863 955 2907 non
995 2841 1198 2927 gratis
1236 2841 1490 2927 aliquae
1531 2841 1856 2906 centuriae
1893 2842 2266 2908 renuntient
2295 2865 2440 2909 suos
2466 2865 2707 2932 magno

319 2966 506 3031 opere
534 2945 933 3010 necessarios.
1025 2946 1128 3010 57.
1178 2944 1326 3016 Qua
1352 2967 1442 3025 re,
1487 2945 1542 3009 si
1571 2944 1999 3030 advigilamus
2027 2966 2143 3031 pro
2171 2946 2267 3011 rei
2294 2946 2612 3033 dignitate
2642 2952 2708 3015 et

319 3049 377 3114 si
403 3052 649 3114 nostros
691 3049 776 3114 ad
812 3070 1134 3113 summum
1163 3049 1450 3113 studium
1476 3046 1816 3113 benevolos
1858 3048 2208 3114 excitamus
2251 3055 2315 3115 et
2344 3052 2400 3117 si
2426 3050 2703 3117 homini-

320 3149 443 3218 bus
480 3151 774 3239 gratiosis
817 3152 1238 3237 studiosisque
1287 3152 1491 3218 nostri
1532 3173 1723 3217 suum
1766 3151 1992 3237 cuique
2030 3174 2267 3218 munus
2306 3154 2707 3222 discribimus

321 3261 388 3322 et
442 3257 500 3322 si
556 3254 1074 3342 competitoribus
1130 3255 1437 3321 iudicium
1488 3254 1922 3341 proponimus,
1981 3256 2406 3341 sequestribus
2461 3263 2707 3326 metum

320 3458 411 3523 ing
430 3456 720 3517 reflectione,
754 3454 918 3504 which
941 3454 969 3504 1
991 3455 1251 3519 suggested
1271 3460 1323 3503 to
1347 3470 1462 3519 you,
1565 3453 1695 3517 fully
1726 3452 1986 3516 explained
2015 3454 2086 3519 by
2115 3470 2145 3504 a
2179 3470 2381 3520 passage
2414 3457 2469 3507 in
2498 3457 2586 3509 the
2619 3459 2705 3510 Or.

324 3523 379 3572 ³¹¹
410 3521 1105 3637 ἒῖἓῖξυὲποέἔὲξζωᾶέἔ
1146 3536 1204 3634 ζ
1252 3534 1468 3633 ξίἳωῧο
1564 3534 1699 3631 pmm
1670 3517 2610 3639 ”mmmffitsszssz’zw‘zssmm
2625 3542 2706 3630 ‘¹⁶3

326 3595 387 3702 tq
421 3603 500 3701 ane:
533 3668 565 3701 a
597 3603 758 3700 novuey
780 3652 911 3698 homo
922 3665 947 3709 ,·
982 3649 1007 3698 1
1039 3600 1131 3699 aul
1151 3666 1183 3699 a
1214 3599 1469 3699 ozindidau’a
1569 3650 1709 3696 detur
1729 3649 2012 3709 desperasse.
2068 3650 2182 3699 And
2203 3623 2366 3712 again:
2391 3652 2446 3702 in
2466 3653 2551 3703 the
2572 3607 2706 3704 εαῑῗο

324 3718 405 3768 for
437 3717 524 3767 the
565 3715 852 3766 consulate!
939 3713 1045 3764 The
1079 3713 1213 3764 third
1250 3714 1354 3763 still
1391 3729 1467 3762 re·
1568 3711 1746 3776 spoech
1779 3712 1899 3776 (44),
1935 3729 2012 3763 we
2041 3713 2169 3763 have
2200 3731 2294 3763 non
2308 3719 2464 3778 placet
2485 3720 2610 3767 mihi
2629 3721 2708 3769 in-

326 3781 506 3840 mains,
529 3782 741 3846 namely,
770 3786 782 3808 ‘
798 3777 883 3834 the
914 3795 1056 3830 scene
1088 3778 1143 3829 of
1174 3794 1259 3843 my
1279 3778 1471 3827 honour
1568 3779 1766 3840 qui-sitio
1786 3779 2044 3839 candidati,
2070 3783 2367 3839 praenuntia
2389 3785 2616 3843 repulsae.

327 3848 373 3897 is
403 3855 458 3898 to
484 3847 546 3896 be
569 3847 724 3896 Rome
743 3861 756 3906 ;
775 3846 789 3869 ’
827 3844 991 3895 which
1011 3844 1076 3893 he
1098 3843 1218 3894 then
1238 3843 1469 3908 proceeds
1646 3841 1810 3917 Video]
1883 3845 1897 3870 ‘
1915 3842 1940 3891 Ι
1971 3859 2051 3892 am
2076 3843 2345 3895 convinced
2365 3846 2475 3896 that
2494 3862 2645 3897 never
2663 3846 2708 3896 is

326 3919 379 3963 to
407 3910 641 3962 describe.
1566 3922 1634 3956 an
1654 3907 1863 3957 election
1894 3922 1949 3956 so
1980 3907 2170 3958 stained
2191 3908 2260 3972 by
2281 3910 2579 3974 corruption,
2615 3912 2709 3963 but

392 3979 549 4026 odium
566 3993 621 4025 ao
641 3973 879 4041 molestia]
935 3975 1094 4023 odium
1116 3972 1159 4022 is
1185 3975 1199 4000 ⁸
1217 3972 1467 4022 tiresome-
1567 3971 1678 4021 that
1709 3987 1842 4021 some
1873 3973 2117 4022 centuries
2153 3979 2326 4025 return
2362 3975 2575 4026 without
2606 3992 2711 4041 any

328 4057 472 4101 ness;
495 4042 509 4067 '
546 4043 758 4090 molestia
781 4039 824 4090 is
850 4043 863 4065 ‘
883 4039 1150 4089 vexation.’
1221 4037 1311 4101 Cp.
1337 4040 1468 4086 odio·
1567 4036 1768 4100 bribery
1789 4037 1874 4086 the
1906 4038 2188 4088 candidates
2207 4044 2260 4088 to
2283 4041 2445 4091 whom
2467 4041 2588 4106 they
2607 4041 2709 4092 feel

329 4123 429 4156 sam
451 4123 543 4155 non
564 4109 818 4162 molestam,
844 4104 950 4154 Att.
977 4102 1085 4153 xiii.
1112 4105 1193 4161 52,
1219 4105 1266 4151 2.
1568 4100 1862 4152 themselves
1890 4104 2102 4169 morally
2120 4103 2321 4153 bound.’

382 4170 634 4236 fabulam]
703 4177 716 4199 ‘
732 4168 963 4226 scandaL'
994 4173 1008 4196 ‘
1026 4165 1227 4232 gossip!
1632 4167 1715 4218 57.
1739 4174 1921 4216 nostros
1933 4167 2184 4234 benevolos]
2209 4169 2327 4218 ‘our
2337 4168 2709 4234 well-wishem,’

393 4252 490 4285 cue
509 4252 656 4284 unum
691 4271 704 4284 .
826 4232 1126 4297 varietatem]
1198 4237 1281 4281 ‘to
1307 4231 1370 4282 he
1402 4231 1471 4281 all
1574 4229 1644 4281 cf.
1684 4247 1791 4280 mos
1823 4248 1994 4296 maqno
2031 4249 2162 4295 opere
2198 4237 2490 4297 macarios,
2538 4236 2710 4298 above,

328 4300 500 4363 things
535 4307 588 4350 to
624 4299 695 4350 all
729 4315 860 4357 men,
893 4298 1124 4348 however
1143 4296 1325 4361 widely
1346 4297 1477 4346 their
1575 4295 1605 4356 ξ
1629 4298 1706 4354 66,
1742 4298 1839 4347 and
1863 4300 1938 4347 tm·
1960 4299 2277 4359 benovolentia,
2314 4298 2478 4349 Plaut.
2504 4299 2644 4350 Trin.
2669 4302 2706 4351 i.

333 4366 625 4425 characters,
659 4364 963 4422 sentimenta,
997 4364 1095 4413 and
1115 4360 1327 4426 feelings
1356 4377 1474 4427 may
1577 4363 1625 4420 2,
1668 4364 1714 4419 8,
1761 4362 1968 4412 another
2009 4362 2319 4414 coincidence
2361 4364 2584 4415 between
2626 4365 2713 4417 the

334 4430 516 4480 differ)
1574 4426 1758 4476 diction
1781 4428 1836 4475 of
1853 4426 1938 4476 the
1958 4426 2103 4476 letter
2123 4428 2219 4477 and
2241 4427 2327 4478 the
2348 4428 2502 4480 comio
2525 4437 2677 4494 stage.

400 4495 481 4543 55.
517 4509 619 4544 cum
648 4541 655 4545 ,
688 4530 703 4544 .
733 4532 744 4543 .
771 4492 898 4560 tum]
947 4499 1063 4542 ‘not
1075 4484 1231 4556 only'.
1262 4528 1273 4539 .
1304 4529 1316 4541 .
1342 4490 1470 4541 but.’
1639 4493 1683 4539 εἰ
1696 4491 2094 4556 competitoribus]
2131 4491 2204 4541 ‘if
2223 4508 2300 4543 we
2321 4493 2437 4544 hold
2459 4511 2527 4559 up
2549 4495 2719 4547 before

403 4562 482 4610 56.
520 4561 852 4610 «mationem
875 4563 969 4609 iam
992 4555 1239 4621 meditari]
1295 4556 1418 4606 This
1434 4556 1477 4607 is
1573 4554 1661 4605 the
1691 4571 1807 4620 eyes
1836 4554 1891 4605 of
1910 4571 2000 4606 our
2019 4555 2168 4608 rivale
2189 4557 2274 4608 the
2296 4568 2520 4625 prospect
2549 4561 2606 4611 of
2631 4561 2718 4613 the
