3229 5145
1009 474 1156 540 ΕΡ.
1204 472 1432 538 xxx.
1487 470 1590 555 (Q.
1625 472 1764 537 Fa.
1796 473 1861 537 I.
1893 472 1984 555 1.)
2567 474 2694 539 269

437 647 636 716 XVI.
700 648 803 714 45.
871 646 1092 732 Atque
1147 645 1305 711 haec
1361 667 1492 711 non
1551 666 1627 711 eo
1678 646 2003 726 dicuntur,
2056 649 2132 713 ut
2175 651 2244 712 te
2303 647 2505 712 oratio
2555 669 2701 714 mea

305 752 728 820 dormientem
769 750 1094 830 excitasse,
1137 751 1250 815 sed
1286 748 1503 835 potius
1543 751 1621 815 ut
1663 754 2023 816 currentem
2056 749 2353 816 incitasse
2383 751 2697 817 videatur.

304 855 532 922 Facies
575 855 748 921 enim
792 858 1118 941 perpetuo,
1169 875 1332 940 quae
1383 852 1614 933 fecisti,
1665 856 1741 919 ut
1792 875 2011 919 omnes
2061 853 2451 939 aequitatem
2496 860 2699 934 tuam,

302 957 814 1047 tempemntim,
874 957 1276 1025 severitatem
1333 955 1898 1043 integritatemque
1947 956 2305 1024 laudarent.
2418 956 2546 1023 Sed
2596 980 2701 1024 me

304 1064 618 1150 quaedam
653 1065 828 1127 tenet
869 1065 1129 1147 propter
1167 1059 1558 1146 singularem
1597 1080 1880 1125 amorem
1916 1060 2176 1126 infinita
2212 1060 2283 1126 in
2328 1065 2394 1126 te
2427 1062 2702 1131 aviditas

303 1166 565 1254 gloriae,
615 1186 1003 1252 quamquam
1047 1163 1214 1228 illud
1251 1162 1566 1243 existimo,
1612 1185 1760 1229 cum
1794 1164 1926 1230 iam
1965 1162 2086 1230 tibi
2123 1163 2305 1244 Asia,
2352 1164 2540 1230 sicuti
2581 1165 2700 1231 uni

303 1270 532 1357 cuique
563 1291 678 1334 sua
713 1268 959 1347 domus,
999 1270 1156 1332 nota
1191 1288 1322 1332 esse
1359 1264 1605 1347 debeat,
1648 1289 1795 1332 cum
1838 1268 1924 1332 ad
1959 1271 2141 1332 tuam
2185 1289 2502 1333 summam
2545 1291 2695 1353 pru-

303 1373 592 1440 dentiam
622 1375 841 1438 tantus
868 1392 1021 1437 usus
1049 1370 1394 1449 wcesserit,
1437 1369 1605 1434 nihil
1634 1392 1767 1435 esse
1797 1371 1969 1455 quod
1998 1371 2082 1435 ad
2111 1371 2370 1436 laudem
2399 1372 2694 1451 attineat,

305 1478 479 1563 quod
512 1497 642 1541 non
685 1479 761 1542 tu
799 1474 1039 1561 optime
1076 1473 1417 1560 perspicias
1459 1477 1526 1538 et
1562 1471 1686 1539 tibi
1719 1493 1852 1539 non
1882 1473 2021 1538 sine
2064 1473 2440 1560 cuiusquam
2479 1473 2697 1540 horta-

303 1579 478 1646 tione
512 1579 582 1645 in
618 1583 901 1645 mentem
945 1577 1164 1642 veniat
1211 1575 1461 1643 cotidie.
1555 1574 1685 1641 Sed
1724 1598 1863 1663 ego,
1906 1576 2038 1662 qui,
2077 1598 2223 1643 cum
2266 1581 2383 1642 tua
2420 1577 2586 1664 lege,
2630 1582 2699 1643 te

306 1682 528 1748 audire
566 1686 632 1747 et
661 1681 791 1767 qui,
829 1703 976 1746 cum
1019 1681 1103 1745 ad
1134 1684 1200 1745 te
1239 1678 1460 1760 scribe,
1499 1683 1712 1745 tecum
1742 1678 1920 1765 loqui
1947 1678 2184 1759 videor,
2219 1678 2452 1746 idcirco
2492 1685 2556 1746 et
2584 1686 2701 1747 tua

305 1785 679 1873 longissima
727 1806 978 1871 quaque
1029 1783 1297 1870 epistola
1344 1782 1625 1849 maxime
1669 1781 1946 1848 delector
1978 1789 2045 1848 et
2086 1783 2222 1868 ipse
2256 1782 2328 1848 in
2367 1784 2698 1851 scribendo

306 1911 451 1955 sum
482 1911 667 1974 saepe
694 1889 965 1975 longior.
1055 1888 1159 1952 46.
1208 1886 1390 1952 Illud
1418 1890 1484 1952 te
1514 1886 1598 1950 ad
1627 1889 1987 1951 extremum
2016 1889 2079 1951 et
2108 1906 2219 1951 oro
2248 1890 2314 1952 et
2338 1886 2577 1968 hortor,
2622 1893 2700 1954 ut

306 1998 638 2079 tamquam
670 1997 897 2077 poetae
923 1989 1080 2057 boni
1109 1994 1173 2056 et
1202 1994 1443 2056 actores
1470 1989 1775 2055 industrii
1803 1988 2029 2069 solent,
2073 1989 2163 2055 sic
2196 1994 2273 2055 tu
2307 1990 2377 2055 in
2414 1996 2700 2057 extrema

306 2100 488 2182 parte
528 2100 594 2160 et
619 2095 1017 2160 conclusione
1053 2093 1334 2159 muneris
1376 2115 1450 2158 ac
1485 2093 1733 2180 negotii
1769 2092 1868 2158 tui
1906 2092 2435 2179 diligentissimus
2473 2096 2577 2176 sis,
2621 2099 2698 2162 ut

307 2199 414 2264 hic
441 2199 669 2265 tertius
708 2221 914 2264 annus
942 2197 1197 2284 imperii
1224 2195 1324 2263 tui
1351 2200 1686 2282 tamquam
1714 2195 1942 2261 tertius
1984 2200 2161 2262 actus
2203 2197 2699 2283 perfectissimus

311 2308 503 2388 atque
537 2301 973 2367 ornatissimus
1010 2301 1207 2366 fuisse
1237 2299 1549 2365 videatur.
1638 2298 1725 2365 Id
1760 2298 2064 2365 facillime
2099 2299 2311 2379 facies,
2352 2302 2408 2366 si
2441 2324 2564 2382 me,
2599 2303 2701 2368 cui

312 2429 559 2492 semper
599 2405 716 2470 uni
760 2404 967 2492 magis
1009 2427 1204 2491 quam
1242 2403 1556 2469 universis
1594 2402 1843 2488 placere
1877 2401 2156 2480 voluisti,
2201 2406 2413 2468 tecum
2455 2427 2702 2490 semper

311 2532 443 2577 esse
486 2508 742 2596 putabis
784 2512 850 2575 et
887 2507 1182 2575 omnibus
1219 2507 1299 2574 iis
1343 2505 1550 2587 rebus,
1596 2527 1756 2593 quas
1795 2505 1964 2571 dices
2011 2507 2075 2570 et
2121 2505 2333 2587 facies,
2377 2506 2696 2574 interesse.

312 2613 665 2700 Reliquum
703 2617 798 2678 est
829 2617 903 2678 ut
938 2617 1003 2678 te
1041 2635 1213 2678 orem
1253 2614 1328 2677 ut
1357 2610 1714 2676 valetudini
1753 2615 1923 2689 tuae,
1965 2608 2020 2674 si
2055 2630 2159 2674 me
2198 2613 2264 2675 et
2303 2615 2447 2677 tuos
2481 2633 2702 2678 omnes

313 2720 521 2784 valere
560 2717 676 2796 vie,
701 2716 1186 2804 diligentissime
1229 2714 1482 2781 servias.
1535 2711 1794 2801 [Vale]

312 2938 526 2988 inserted
558 2937 625 3002 by
656 2936 723 2986 all
755 2936 933 2987 editors
968 2936 1177 3001 (against
1209 2935 1294 2986 the
1325 2939 1441 3002 mss)

1621 2941 1861 2995 tamquam
1918 2934 2085 2980 tertius
2129 2940 2259 2981 actua
2372 2932 2493 2984 This
2542 2934 2701 2987 simile

314 3003 481 3052 before
529 3003 617 3050 tihi
656 3018 831 3063 parum
878 3004 1157 3049 consuluisse
1175 3017 1198 3058 ,·
1252 3002 1345 3052 but
1378 3006 1459 3051 sed
1555 2998 1720 3049 would
1742 2997 2125 3060 beappreciated
2149 2997 2215 3062 by
2235 3004 2258 3047 t
2294 3014 2322 3047 e
2344 2999 2522 3049 author
2540 3003 2598 3049 of
2612 3001 2699 3052 the

316 3071 457 3116 etiam
490 3083 606 3130 may
639 3067 781 3115 stand
813 3066 867 3115 in
897 3082 928 3114 a
960 3065 1257 3130 subsequent
1288 3066 1453 3118 clause
1554 3066 1786 3126 Eriqona,
1813 3064 2018 3122 Electra,
2052 3064 2268 3126 Troades,
2305 3065 2402 3113 and
2433 3065 2574 3114 other
2594 3073 2694 3117 tra-

316 3132 528 3181 vithout
559 3147 659 3195 any
682 3129 801 3179 such
833 3130 1008 3193 phrase
1039 3147 1093 3179 as
1124 3147 1216 3178 non
1238 3132 1385 3180 colum
1405 3132 1461 3182 in

319 3197 404 3247 tho
424 3195 714 3261 foregoing:
754 3211 833 3244 see
855 3201 970 3245 note
992 3210 1056 3244 on
1078 3194 1184 3244 Att.
1202 3193 1275 3243 iii.
1308 3198 1381 3256 15,
1411 3198 1460 3247 5.

380 3263 460 3310 45.
495 3258 776 3324 currentem]
844 3259 920 3309 cf.
943 3260 1050 3309 Att.
1075 3275 1126 3309 v.
1153 3262 1242 3322 9,1
1265 3274 1278 3318 ;
1314 3260 1384 3310 vi.
1413 3264 1458 3325 7,

321 3330 343 3375 1
368 3349 409 3368 =
433 3324 694 3376 σπεύδοντ’
732 3323 965 3388 ὀτρύνειν.

368 3392 526 3455 jacies
543 3428 554 3440 .
577 3391 760 3452 ,fecisti
780 3388 858 3454 ut]
896 3388 985 3438 See
998 3386 1264 3451 onEp.xii.
1285 3391 1458 3451 4245.

382 3459 435 3504 in
460 3454 534 3530 te]
597 3454 707 3504 ‘for
771 3453 869 3512 ou,'
910 3452 995 3503 ‘in
1024 3469 1150 3518 your
1181 3453 1354 3504 caset'
1390 3455 1459 3505 cf.

318 3520 471 3570 Tusc-
518 3536 553 3569 1.
602 3521 681 3579 45,
764 3521 809 3567 io
845 3520 965 3567 loma
1009 3525 1075 3566 eat
1113 3522 1464 3568 contemnendus

320 3589 373 3634 in
396 3586 542 3645 nobis,
570 3601 661 3632 non
678 3585 981 3647 neyleqendm
1004 3586 1055 3632 in
1076 3585 1266 3642 nostris,
1293 3581 1352 3639 Q.
1376 3585 1460 3633 Fr.

318 3651 372 3700 ii.
401 3653 447 3710 6,
476 3652 523 3706 5,
558 3651 810 3711 Pompeius
846 3651 896 3696 in
932 3651 1146 3697 amicitia
1174 3650 1233 3697 P.
1268 3649 1465 3698 Lentuli

324 3718 640 3775 vituperatur.

383 3781 525 3828 sicuti
560 3781 644 3826 uni
676 3780 839 3839 cuique
870 3793 957 3824 sua
988 3775 1171 3841 domm]
1238 3775 1317 3827 cf.
1344 3777 1465 3827 Juv-

322 3845 354 3893 i.
382 3845 430 3905 7,
456 3850 567 3891 noca
588 3859 667 3892 ma
705 3841 716 3852 '
767 3843 889 3890 nulli
918 3843 1078 3890 domus
1103 3847 1171 3890 est
1198 3857 1285 3891 sua
1318 3859 1469 3907 quam

323 3908 446 3959 mihi
472 3908 613 3957 lucus
699 3906 834 3956 artis.

389 3975 482 4022 Sed
502 3988 579 4034 eqo
603 4008 615 4020 .
643 4008 655 4021 .
684 4008 695 4020 .
726 3969 929 4037 lonqior]
983 3969 1080 4021 We
1101 3970 1229 4021 have
1250 3970 1305 4021 in
1325 3970 1462 4021 these

327 4039 501 4094 words,
526 4037 623 4086 and
644 4036 699 4086 in
722 4036 806 4086 the
830 4036 988 4086 words
1010 4038 1196 4098 quodsi
1220 4072 1233 4084 .
1263 4070 1277 4084 .
1303 4070 1317 4084 .
1342 4053 1463 4086 unus

320 4111 512 4163 praeter
523 4109 689 4150 ceteros
711 4103 952 4164 adiuvisti,
978 4100 1030 4149 in
1052 4099 1170 4163 §4:3,
1194 4117 1259 4150 an
1276 4100 1463 4151 unmis-

329 4166 525 4216 takable
555 4165 851 4227 intimation,
883 4181 937 4215 as
967 4164 996 4215 1
1026 4164 1188 4226 think,
1224 4166 1335 4216 that
1364 4165 1466 4215 this

324 4233 471 4346 ignei}
492 4231 534 4280 is
555 4229 790 4306 designed
819 4246 874 4280 as
905 4246 938 4279 a
967 4237 1069 4280 sort
1099 4229 1155 4280 of
1179 4237 1467 4296 repayment

349 4311 405 4346 or
472 4312 518 4359 p.
544 4312 633 4345 xn.
1122 4303 1139 4321 ·

1562 3128 1743 3193 gedies.
1783 3126 1876 3176 We
1898 3143 1990 3176 can
2012 3143 2094 3177 see
2113 3127 2168 3177 in
2189 3128 2275 3177 the
2295 3128 2442 3179 letter
2458 3130 2513 3180 of
2535 3130 2694 3187 Quin·

1560 3199 1645 3242 tus
1665 3193 1819 3241 above
1843 3191 1956 3255 (Ep.
1984 3192 2096 3254 xii.)
2122 3208 2240 3257 very
2256 3193 2387 3243 clear
2406 3194 2698 3246 indicatione

1560 3258 1618 3306 of
1647 3257 1733 3306 the
1759 3255 1902 3331 effect
1933 3255 1988 3304 of
2013 3256 2091 3306 his
2120 3256 2275 3322 tragic
2309 3260 2493 3309 studies
2522 3276 2586 3309 on
2619 3261 2698 3310 his

1560 3323 1752 3437 {33⁰5
1879 3337 2071 3435 Frisii
2096 3322 2323 3449 &32¹3ss
2346 3327 2455 3437 ihldt
2483 3324 2700 3445 dvufhffi

1561 3456 1713 3502 wrote
1734 3450 1849 3500 four
2038 3450 2106 3499 'es
2127 3450 2180 3499 in
2202 3451 2394 3501 sixteen
2414 3455 2552 3518 days.
2635 3455 2700 3504 In

1560 3515 1712 3579 using
1731 3515 1816 3564 the
1837 3531 1915 3564 wo
2021 3518 2187 3563 tertius
2208 3524 2337 3564 actus
2361 3517 2529 3567 Cicero
2546 3534 2701 3568 seems

1562 3586 1616 3631 to
1647 3580 1773 3630 have
1799 3579 1967 3629 before
2003 3579 2081 3629 his
2115 3580 2252 3629 mind
2281 3588 2368 3630 not
2396 3582 2481 3632 the
2510 3583 2700 3633 Roman

1564 3646 1698 3709 play,
1717 3643 1884 3694 which
1899 3661 2001 3694 was
2018 3644 2214 3694 divided
2227 3646 2332 3694 into
2355 3647 2450 3696 five
2467 3655 2585 3704 acts,
2611 3649 2702 3698 but

1566 3709 1654 3759 the
1676 3709 1852 3772 Greek,
1867 3708 2030 3758 which
2051 3710 2248 3773 usually
2265 3710 2380 3758 falls
2400 3711 2507 3760 into
2527 3712 2665 3762 three
2685 3729 2697 3768 ς

1567 3774 1654 3824 the
1675 3773 1807 3823 third
1830 3781 1908 3823 act
1929 3773 1971 3822 is
1993 3773 2111 3822 then
2134 3774 2224 3840 the
2239 3774 2351 3834 last,
2387 3791 2440 3824 as
2463 3775 2547 3825 the
2569 3776 2703 3825 third

1603 3854 1687 3888 ear
1701 3853 1803 3888 was
1823 3838 1909 3887 the
1929 3838 2024 3887 last
2044 3837 2099 3887 of
2116 3837 2346 3893 Quintus‘
2369 3847 2705 3901 government.

1613 3919 1670 3953 or
1704 3918 1735 3952 a
1768 3902 1954 3952 similar
1984 3902 2237 3964 metaphor
2257 3903 2423 3952 drawn
2456 3904 2585 3953 from
2618 3905 2704 3955 the

1561 3975 1716 4031 stage,
1756 3967 1824 4017 cf.
1851 3983 1920 4016 or.
1947 3982 2035 4030 pro
2063 3967 2189 4016 Sest.
2221 3970 2327 4026 120,
2365 3970 2578 4029 Aesopus
2604 4006 2616 4018 .
2646 4006 2659 4019 .
2687 4006 2700 4018 .

1560 4035 1962 4147 {emperpartz'um
1974 4035 2028 4080 in
2043 4047 2143 4092 rep.
2161 4039 2398 4094 tamquam
2413 4036 2464 4080 in
2476 4050 2608 4082 scena
2622 4050 2703 4095 op·

1588 4113 1792 4147 maurum
1814 4113 1860 4144 es
1884 4132 1898 4145 .

1564 4158 2161 4300 ..mmmmm
2182 4165 2385 4274 3⁰3¹&
2403 4162 2703 4290 ῥἯῗῗὲῗῑ

1565 4308 1621 4342 as
1642 4308 1673 4341 a
1691 4291 1815 4352 rule,
1838 4291 1993 4340 admit
2012 4289 2068 4339 of
2087 4291 2286 4352 degi-ees
2305 4290 2361 4339 of
2381 4291 2701 4354 comparison.

391 4364 471 4411 46.
503 4364 555 4409 in
576 4366 929 4420 atrmapartc
948 4365 995 4408 et
1014 4358 1319 4436 contemtione]
1352 4358 1476 4409 This
1573 4356 1749 4407 Hence
1773 4356 2083 4416 perdifficilis,
2123 4353 2235 4403 Liv.
2259 4354 2326 4404 xl.
2362 4358 2441 4416 21,
2475 4356 2518 4405 is
2547 4357 2707 4434 justly

330 4427 373 4475 is
400 4427 535 4475 what
558 4425 621 4474 he
647 4424 767 4475 calls
802 4426 1013 4472 clausula
1039 4423 1091 4473 in
1122 4424 1228 4474 Att.
1252 4440 1322 4474 vi.
1350 4427 1397 4485 3,
1423 4427 1472 4473 3.

334 4490 614 4541 Somewhat
653 4488 853 4553 parallel
888 4495 972 4538 too
1005 4487 1049 4537 is
1083 4488 1169 4538 the
1203 4488 1366 4541 Greek
1386 4504 1472 4540 ex-

330 4556 550 4620 pression
570 4554 833 4606 κατακλιίς
853 4552 908 4603 in
928 4553 1036 4604 Att.
1060 4552 1115 4603 ii.
1141 4556 1186 4614 3,
1211 4557 1258 4604 3.

1572 4422 1836 4472 conected.
1909 4419 2009 4469 But
2029 4435 2105 4469 we
2137 4419 2239 4468 find
2263 4421 2632 4483 perfectissimus
2652 4438 2707 4471 m

1573 4486 1715 4536 Brut.
1745 4488 1851 4544 118,
1878 4485 2012 4533 Orat.
2043 4487 2071 4532 3
2099 4486 2196 4534 and
2229 4487 2321 4542 473
2356 4486 2453 4534 and
2479 4490 2708 4547 perditis·

1576 4554 1704 4610 eima,
1725 4553 1755 4599 2
1778 4549 1893 4599 Ver.
1918 4547 1992 4596 iii.
2017 4551 2097 4598 66.
