3229 5145
479 440 609 505 360
1178 440 1320 505 EP.
1366 439 1632 506 LXVI.
1687 439 1791 523 (Q.
1824 438 1964 504 ΕΒ.
1996 439 2059 502 Ι.
2091 438 2185 522 3.)

478 612 806 692 sermonis,
838 611 1040 678 animi
1067 612 1232 679 mei!
1326 611 1521 685 Quod
1547 612 1756 678 filium
1786 610 2306 678 venustissimum
2332 609 2621 696 mihique
2651 609 2886 676 dulcis·

476 716 765 782 simum?
813 738 1004 801 quem
1035 738 1155 803 ego
1185 717 1360 782 ferus
1389 738 1465 782 ac
1493 715 1736 782 ferreus
1766 737 1802 781 e
1829 715 2168 800 complexu
2196 713 2414 779 dimisi
2442 736 2606 794 meo,
2636 713 2888 800 sapien·

476 819 707 886 tiorem
764 841 1035 906 puerum
1088 841 1282 905 quam
1334 820 1583 885 vellem.
1699 817 2034 885 Sentiebat
2084 817 2257 883 enim
2307 819 2501 883 miser
2549 817 2683 882 iam
2733 816 2892 902 quid

473 925 792 1008 ageretur.
885 921 1079 994 Quod
1116 945 1265 989 vero
1303 927 1494 989 tuum
1535 921 1765 1002 filium,
1819 922 1994 1007 quod
2037 919 2392 1007 imaginem
2438 925 2642 1001 tuam,
2696 942 2893 1006 quem

476 1048 659 1092 meus
716 1024 934 1091 Cicero
994 1031 1059 1091 et
1115 1025 1372 1092 amabat
1418 1030 1494 1092 ut
1544 1025 1812 1091 fratrem
1861 1028 1928 1090 et
1968 1024 2103 1090 iam
2147 1029 2222 1090 ut
2264 1024 2572 1089 maiorem
2624 1022 2894 1089 fratrem

477 1127 816 1194 verebatur
839 1130 871 1194 Ρ
959 1128 1155 1210 Quid,
1203 1131 1376 1215 quod
1405 1128 1742 1195 mulierem
1780 1127 2225 1208 miserrimam,
2267 1128 2705 1192 fidelissimam
2745 1150 2894 1193 con·

477 1231 719 1319 iugem,
763 1255 868 1297 me
895 1233 1191 1318 prosequi
1229 1254 1361 1299 non
1401 1255 1546 1298 sum
1578 1254 1820 1319 passus,
1866 1236 1943 1298 ut
1978 1235 2143 1297 esset
2181 1253 2345 1316 quae
2384 1230 2688 1316 reliquias
2726 1253 2894 1296 com·

482 1335 699 1401 munis
749 1337 1150 1415 calamitatis,
1212 1358 1578 1402 communes
1625 1335 1858 1401 liberos
1899 1338 2190 1401 tueretur
2212 1335 2244 1400 P
2350 1337 2413 1398 4.
2476 1332 2606 1400 Sed
2652 1338 2896 1411 tamen,

481 1460 736 1525 quoquo
764 1441 955 1505 modo
983 1440 1186 1526 potui,
1232 1439 1456 1525 scripsi
1485 1443 1552 1505 et
1578 1438 1731 1505 dedi
1758 1438 2006 1504 litteras
2034 1439 2119 1503 ad
2147 1444 2213 1503 te
2241 1436 2625 1522 Philogon0,
2667 1435 2900 1502 liberto

483 1548 617 1623 tu0,
658 1565 815 1628 quas
854 1544 1039 1608 credo
1079 1542 1202 1609 tibi
1234 1547 1455 1630 postea
1482 1543 1769 1609 redditas
1798 1563 1971 1607 esse:
2018 1540 2089 1605 in
2119 1538 2353 1626 quibus
2380 1541 2555 1605 idem
2583 1544 2650 1605 te
2678 1537 2902 1606 hortor

485 1651 554 1712 et
598 1668 777 1732 rogo,
823 1647 997 1731 quod
1039 1646 1225 1732 pueri
1262 1646 1385 1713 tibi
1427 1645 1637 1712 verbis
1675 1644 1834 1711 meis
1872 1645 2279 1723 nuntiarunt,
2320 1648 2395 1708 ut
2440 1641 2720 1708 Romam
2754 1665 2899 1729 pro-

485 1749 664 1816 tinus
691 1771 921 1836 pergas
960 1753 1025 1815 et
1063 1771 1379 1835 properes.
1469 1748 1764 1815 Primum
1795 1748 1971 1815 enim
2004 1751 2071 1814 te
2110 1747 2425 1834 praesidio
2457 1769 2590 1812 esse
2616 1746 2816 1826 volui,
2848 1746 2904 1812 si

487 1852 603 1938 qui
630 1858 839 1918 essent
865 1851 1111 1918 inimici
1154 1875 1426 1938 quorum
1463 1852 1807 1918 crudelitas
1848 1853 2140 1918 nondum
2183 1857 2345 1917 esset
2384 1856 2603 1916 nostra
2640 1849 2898 1915 calami-

487 1960 623 2021 tate
673 1955 922 2021 satiata.
1013 1955 1269 2021 Deinde
1320 1978 1692 2042 congressus
1741 1956 1944 2022 nostri
1992 1955 2522 2022 lamentationem
2573 1953 2901 2038 pertimui,

488 2058 847 2145 digressum
878 2080 1026 2123 vero
1056 2081 1187 2124 non
1218 2059 1507 2125 tulissem
1541 2064 1736 2145 atque
1777 2058 1973 2125 etiam
2000 2059 2071 2124 id
2100 2059 2315 2144 ipsum
2347 2059 2520 2143 quod
2549 2063 2626 2123 tu
2653 2056 2898 2135 scribis,

491 2160 876 2239 metuebam,
922 2184 1004 2227 ne
1033 2183 1074 2226 a
1101 2184 1205 2227 me
1234 2161 1505 2228 distrahi
1533 2184 1667 2227 non
1695 2184 1929 2248 posses.
2037 2162 2170 2228 His
2199 2163 2279 2227 de
2305 2162 2511 2227 causis
2538 2160 2661 2227 hoc
2689 2160 2901 2226 maxi-

489 2286 673 2331 mum
699 2264 965 2344 malum,
1011 2266 1185 2350 quod
1214 2271 1277 2330 te
1306 2286 1437 2331 non
1465 2265 1604 2332 vidi
1633 2287 1759 2351 quo
1788 2264 1956 2331 nihil
1995 2265 2451 2332 amantissimis
2493 2269 2559 2330 et
2599 2264 2904 2330 coniunc-

490 2367 755 2433 tissimis
812 2366 1120 2433 fratribus
1177 2367 1461 2434 acerbius
1516 2368 1889 2435 miseriusve
1945 2368 2201 2435 videtur
2258 2368 2539 2435 accidere
2598 2367 2908 2455 potuisse,

495 2470 713 2537 minus
770 2471 1087 2551 acerbum,
1162 2471 1378 2537 minus
1432 2472 1740 2538 miserum
1797 2471 1946 2552 fuit,
2010 2495 2205 2558 quam
2262 2474 2485 2537 fuisset
2549 2493 2697 2537 cum
2754 2494 2911 2536 con-

496 2576 737 2663 gressio
794 2580 937 2641 tum
986 2599 1132 2642 vero
1185 2577 1490 2663 digressio
1549 2584 1786 2643 nostra.
1879 2578 1942 2642 5.
2002 2575 2220 2656 Nunc,
2269 2578 2325 2642 si
2368 2581 2569 2661 potes,
2616 2576 2686 2640 id
2732 2576 2909 2660 quod

501 2702 644 2765 ege,
719 2679 831 2764 qui
883 2678 1004 2745 tibi
1063 2702 1310 2765 semper
1368 2679 1553 2745 fortis
1609 2679 1895 2761 videbar,
1955 2702 2088 2746 non
2145 2703 2425 2767 possum,
2479 2681 2657 2765 erige
2715 2684 2780 2743 te
2844 2683 2916 2745 et

501 2783 827 2863 confirma,
872 2783 927 2847 si
985 2806 1115 2868 qua
1171 2782 1505 2849 subeunda
1562 2782 1892 2850 dimicatio
1950 2783 2094 2850 erit.
2181 2782 2402 2869 Spero,
2463 2783 2517 2847 si
2562 2783 2724 2868 quid
2769 2804 2921 2847 mea

500 2908 645 2972 spes
694 2885 888 2952 habet
940 2885 1356 2965 auctoritatis,
1407 2886 1530 2952 tibi
1575 2891 1641 2953 et
1680 2886 2124 2973 integritatem
2166 2890 2349 2952 tuam
2395 2891 2461 2952 et
2512 2907 2797 2951 amorem
2843 2884 2919 2950 in

509 3049 749 3110 aequalem
764 3065 788 3106 ,·
823 3048 922 3097 and
958 3047 1198 3112 certainly
1227 3047 1313 3097 the
1348 3046 1569 3098 mention
1603 3047 1661 3098 of
1759 3049 1816 3099 in
1845 3048 2146 3112 compliance
2179 3048 2304 3098 with
2337 3064 2424 3111 my
2453 3046 2634 3097 wishes
2660 3063 2716 3097 as
2742 3063 2777 3097 a
2803 3062 2915 3108 son,

500 3113 717 3177 fratrem
763 3111 833 3172 (in
869 3112 954 3161 the
996 3112 1138 3176 reply
1171 3121 1223 3161 to
1254 3113 1469 3176 fratrem
1511 3116 1663 3162 solum
1761 3112 1818 3163 in
1837 3113 1925 3163 the
1946 3116 2216 3163 soundness
2237 3114 2293 3163 of
2306 3114 2386 3162 his
2406 3111 2580 3163 advice
2601 3111 2894 3162 asafather.

512 3178 721 3225 desidero
738 3178 780 3240 ἓ)
823 3176 866 3225 is
902 3183 953 3225 to
985 3177 1046 3225 be
1068 3178 1335 3227 accounted
1358 3179 1435 3227 sor
1454 3178 1574 3242 only
1597 3194 1664 3228 on
1817 3178 1986 3247 ferus]
2052 3195 2131 3242 cp.
2167 3194 2308 3240 quam
2331 3180 2478 3242 ferus
2512 3184 2558 3226 et
2593 3193 2698 3227 vere
2719 3177 2923 3241 serrem

515 3240 603 3289 the
644 3241 885 3304 principle
938 3247 1030 3304 put
1073 3242 1287 3291 forward
1330 3242 1386 3291 in
1427 3248 1544 3292 note
1599 3259 1664 3292 on
1765 3244 1990 3307 illesuit.
2017 3242 2206 3292 Tibull.
2231 3243 2267 3292 i.
2299 3246 2373 3301 10,
2400 3246 2447 3291 2.

514 3306 624 3355 Att.
672 3305 745 3354 iii.
791 3308 836 3363 7,
871 3309 970 3367 fin.
1039 3305 1144 3354 The
1187 3309 1401 3368 aequalis
1446 3309 1662 3370 (ὁμῆλιξ,
1829 3310 2056 3370 reliquias
2072 3311 2328 3357 eommunis
2350 3305 2667 3372 calamitatis]
2692 3305 2925 3356 ‘allthat

515 3371 746 3429 comrade)
771 3368 931 3432 might
953 3369 1068 3418 well
1088 3371 1148 3420 be
1169 3371 1342 3434 placed
1363 3372 1519 3422 above
1541 3388 1667 3421 even
1765 3372 1810 3422 is
1852 3373 2027 3436 spared
2058 3378 2112 3421 to
2156 3389 2218 3421 us
2262 3372 2332 3437 by
2373 3373 2460 3422 the
2497 3372 2630 3421 blow
2674 3370 2786 3420 that
2831 3371 2923 3420 has

517 3451 549 3483 a
579 3433 778 3483 brother
807 3450 861 3483 as
896 3436 1093 3497 regards
1122 3438 1352 3498 suavitas,
1378 3441 1392 3465 ‘
1413 3437 1581 3486 oharm
1613 3436 1669 3486 of
1801 3438 2039 3487 rostrated
2060 3453 2121 3486 us
2141 3436 2263 3487 both
2280 3437 2319 3486 ε’
2352 3453 2407 3487 so
2427 3438 2659 3499 reliquias
2670 3437 2920 3494 Danaum,

517 3498 761 3558 manner,'
808 3500 905 3548 and
949 3500 1034 3548 the
1079 3503 1215 3549 word
1244 3502 1462 3565 fratrem
1505 3501 1671 3565 might
1765 3454 1907 3566 girg.
1941 3504 2065 3551 Aen.
2096 3502 2132 3550 i.
2174 3505 2253 3550 30.
2337 3502 2510 3551 Cicero
2549 3517 2659 3550 uses
2688 3501 2925 3562 reliquias

519 3564 649 3614 have
688 3564 813 3613 been
842 3563 1056 3613 inserted
1081 3564 1150 3630 by
1179 3581 1312 3615 some
1340 3565 1535 3632 copyist
1554 3566 1670 3616 who
1767 3567 1824 3617 in
1856 3583 1886 3616 a
1918 3565 2127 3631 slightly
2158 3566 2389 3616 different
2421 3582 2562 3616 sense
2592 3565 2648 3615 in
2682 3564 2760 3615 De
2799 3565 2919 3614 Sen.

519 3628 667 3678 knew
709 3628 820 3678 that
863 3628 1079 3684 Quintus
1121 3646 1223 3679 was
1266 3647 1416 3692 prope
1457 3633 1673 3694 aequalis
1775 3635 1851 3690 19,
1871 3634 2100 3694 reliquias
2116 3634 2214 3690 aci,
2238 3631 2345 3681 ‘the
2361 3632 2599 3681 heirloom
2616 3629 2672 3679 of
2691 3647 2723 3679 a
2743 3631 2926 3693 grand-

523 3692 649 3743 with
702 3694 782 3744 his
839 3693 1054 3754 brother,
1123 3695 1223 3744 and
1282 3695 1672 3745 misunderstood
1769 3695 1970 3755 father,’
1999 3699 2093 3745 220.
2119 3696 2205 3746 the
2227 3712 2331 3745 war
2352 3695 2476 3745 with
2499 3698 2538 3746 C

522 3760 752 3820 aequalis.
852 3758 925 3809 To
979 3760 1094 3808 read
1147 3762 1380 3809 suavitate
1434 3763 1673 3823 aequalem
1838 3765 1886 3811 4.
1915 3763 2158 3822 praesidio
2266 3777 2335 3811 sc.
2385 3762 2476 3810 tibi
2523 3760 2785 3826 (Schiitz);
2833 3759 2930 3809 hut

524 3823 689 3873 would
750 3823 828 3873 've
855 3839 886 3872 a
915 3823 1018 3873 still
1039 3825 1197 3874 better
1218 3840 1374 3886 sense,
1410 3826 1507 3874 and
1522 3841 1674 3887 prope
1765 3828 2010 3888 praesidio
2054 3826 2157 3888 imp
2181 3825 2249 3875 'es
2303 3827 2468 3875 action
2523 3841 2590 3876 on
2644 3823 2817 3874 behalf
2871 3824 2930 3873 of

524 3887 687 3952 might
783 3905 845 3938 ve
888 3888 1015 3938 been
1062 3889 1276 3938 inserted
1308 3887 1376 3953 by
1408 3906 1439 3940 a
1482 3889 1676 3954 copyist
1772 3889 1994 3940 another.
2065 3889 2236 3940 Cicero
2266 3891 2434 3940 would
2463 3889 2590 3940 wish
2623 3888 2844 3946 Quintus
2875 3894 2932 3939 tn

526 3953 641 4002 who
673 3953 889 4016 thought
919 3953 1031 4002 that
1060 3957 1298 4016 aequalem
1330 3953 1532 4018 implied
1564 3955 1675 4004 that
1772 3955 1918 4005 resist
1957 3971 2061 4020 any
2100 3954 2300 4005 further
2339 3955 2520 4005 hostile
2571 3963 2676 4005 acts
2729 3953 2932 4018 against

527 4017 729 4068 Marcus
764 4021 862 4068 and
900 4018 1116 4074 Quintus
1155 4035 1284 4069 were
1322 4018 1378 4068 of
1411 4020 1497 4069 the
1541 4035 1675 4069 same
1773 4019 1978 4069 himself
1998 4036 2054 4069 or
2073 4019 2153 4069 his
2172 4020 2354 4085 family
2374 4035 2439 4070 on
2458 4018 2546 4069 the
2567 4027 2679 4082 part
2698 4019 2756 4068 of
2786 4018 2934 4068 thoes

525 4098 643 4196 {532
674 4084 897 4211 mi&
928 4090 1017 4197 ¹²2*
1034 4084 1278 4210 Ᾰῖιῗῗθῗῗ
1312 4083 1675 4199 ἒὲέΐηῖἕῳῗ
1773 4084 2166 4199 ἶξέἓιῗῖῌὲἒι
2191 4090 2421 4199 ἴέω““ἰ
2453 4091 2540 4149 5⁰²
2573 4085 2714 4134 Μὰ
2750 4084 2819 4148 ¹³5
2849 4082 2933 4133 ¹²³⁸

525 4210 731 4272 believe,
763 4165 1165 4272 thereirorelfnthat
1173 4214 1391 4277 fratrem
1412 4214 1510 4263 and
1524 4229 1675 4275 prope
1775 4165 1809 4213 p
1841 4215 1891 4264 5.
1926 4217 1972 4262 ei
1999 4166 2157 4280 poles]
2226 4231 2296 4264 sc.
2324 4216 2509 4278 facere.
2578 4212 2674 4264 See
2709 4218 2832 4263 note
2863 4227 2933 4262 <m

527 4291 611 4325 are
644 4276 765 4326 both
800 4283 1014 4339 corrupt,
1051 4278 1150 4326 and
1187 4278 1297 4327 that
1324 4278 1410 4327 the
1444 4284 1676 4328 sentence
1777 4277 1919 4328 Fam.
1954 4278 2060 4329 xiv.
2091 4282 2141 4340 4,
2177 4282 2224 4329 6.

527 4344 782 4455 mem’of‘
804 4341 1074 4457 1¹¹5qu
1112 4343 1213 4393 lose
1256 4359 1350 4393 one
1384 4342 1498 4394 who
1542 4343 1585 4392 is
1620 4342 1676 4393 in
1774 4342 2170 4459 aaziae-Quis]
2207 4341 2407 4408 ‘basis,’
2441 4343 2721 4408 ‘ground2,’
2752 4341 2938 4393 ‘foun-

524 4403 695 4455 charm
792 4421 889 4456 soci
961 4422 1015 4456 m
1065 4423 1261 4457 roourse
1286 4423 1341 4458 as
1372 4423 1403 4458 a
1432 4408 1672 4467 comrade,
1879 4423 1958 4459 on.
