3229 5145
1067 517 1211 580 ΕΡ.
1275 516 1390 583 VJ.
1445 514 1676 599 (ATT.
1724 518 1783 581 J.
1832 518 1965 601 10).
2586 522 2708 585 137

314 688 491 755 dedit
540 687 993 775 nuntiavitque
1044 711 1118 754 eo
1163 689 1302 775 ipso
1353 689 1458 754 die
1507 695 1653 777 post
1701 690 2035 756 meridiem
2081 690 2325 758 iturum
2376 715 2543 772 eum,
2599 693 2711 779 qui

314 794 400 858 ad
427 797 491 859 te
518 792 1035 878 proficisceretur.
1125 792 1227 858 Eo
1265 792 1508 858 factum
1545 798 1659 873 est,
1692 799 1766 860 ut
1795 793 2098 880 epistolae
2125 801 2275 861 tuae
2303 796 2710 863 rescriberem

313 896 579 982 aliquid,
624 895 936 962 brevitate
976 896 1282 982 temporis
1331 900 1469 961 tam
1515 919 1720 982 pauca
1769 920 2027 984 cogerer
2078 897 2362 964 scribere.
2455 901 2516 964 2.
2566 898 2704 965 Pri-

312 1023 493 1065 mum
530 998 654 1066 tibi
700 1001 780 1065 de
824 1006 1039 1065 nostro
1079 1001 1283 1065 amico
1329 1000 1642 1086 placando
1686 1007 1801 1067 aut
1845 1002 2040 1067 etiam
2083 1003 2274 1088 plane
2315 1003 2708 1069 restituendo

310 1105 630 1190 polliceor.
739 1102 931 1174 Quod
976 1126 1097 1189 ego
1147 1105 1265 1169 etsi
1316 1127 1460 1169 mea
1516 1110 1743 1191 sponte
1799 1111 1950 1171 ante
2008 1105 2339 1187 faciebam,
2400 1130 2473 1173 eo
2534 1131 2708 1173 nunc

312 1217 531 1273 tamen
561 1212 627 1273 et
656 1228 847 1294 agam
876 1207 1219 1272 studiosius
1258 1210 1324 1272 et
1362 1209 1745 1274 contendam
1783 1208 1865 1274 ab
1903 1210 2017 1275 illo
2045 1210 2504 1290 vehementius,
2537 1214 2710 1297 quod

310 1317 563 1377 tantam
609 1333 691 1376 ex
741 1311 1009 1396 epistola
1052 1310 1450 1376 voluntatem
1509 1312 1647 1378 eius
1691 1313 1783 1377 rei
1832 1319 2016 1378 tuam
2062 1314 2414 1400 perspicere
2465 1315 2703 1380 videor.

310 1414 465 1480 Hoc
500 1420 567 1480 te
601 1414 975 1500 intellegere
1002 1414 1168 1493 volo,
1206 1415 1599 1501 pergraviter
1639 1416 1824 1482 illum
1864 1440 1996 1482 esse
2031 1418 2366 1495 offensum,
2408 1418 2517 1482 sed
2556 1418 2708 1502 quia

308 1518 561 1584 nullam
590 1518 775 1583 video
813 1540 1074 1603 gravem
1113 1516 1365 1583 subesse
1404 1541 1682 1596 causam,
1727 1542 1966 1606 magno
2005 1543 2192 1606 opere
2231 1520 2479 1585 confido
2518 1520 2708 1586 illum

309 1622 451 1686 fore
489 1622 559 1686 in
600 1622 802 1686 officio
841 1626 906 1685 et
942 1621 1013 1685 in
1051 1625 1269 1686 nostra
1309 1627 1642 1707 potestate.
1734 1625 1793 1689 3.
1842 1623 2045 1710 Signa
2082 1629 2300 1689 nostra
2336 1629 2401 1688 et
2428 1622 2705 1690 Herme-

308 1725 534 1804 raclas,
584 1728 661 1790 ut
711 1724 947 1802 scribis,
993 1747 1138 1790 cum
1190 1727 1692 1792 commodissime
1742 1728 1999 1813 poteris,
2048 1728 2242 1792 velim
2285 1727 2596 1813 imponas,
2641 1733 2707 1793 et

308 1830 366 1894 si
412 1830 585 1914 quod
630 1829 808 1894 aliud
866 1832 1093 1894 οἰκεῖον
1144 1821 1279 1893 eius
1337 1829 1477 1907 loci,
1527 1852 1720 1914 quem
1771 1853 1901 1895 non
1952 1831 2230 1916 ignoras,
2289 1831 2581 1916 reperies,
2642 1839 2708 1897 et

308 1933 612 2012 maxime,
637 1954 801 2017 quae
821 1931 943 1996 tibi
967 1931 1315 2016 palaestrae
1338 1931 1788 2017 gymnasiique
1810 1932 2200 1998 videbuntur
2227 1955 2377 1999 esse.
2441 1933 2707 2000 Etenim

309 2035 406 2101 ibi
456 2036 681 2100 sedens
728 2034 883 2099 haee
929 2034 1012 2098 ad
1061 2041 1126 2099 te
1176 2034 1547 2114 scribebam,
1606 2041 1683 2101 ut
1738 2059 1842 2101 me
1890 2037 2066 2103 locus
2121 2039 2257 2123 ipse
2315 2038 2702 2104 admoneret.

310 2138 655 2204 Praeterea
695 2142 885 2224 typos
924 2138 1045 2202 tibi
1080 2139 1336 2216 mando,
1369 2161 1525 2223 quos
1561 2139 1632 2203 in
1673 2139 1933 2204 tectorio
1973 2140 2185 2205 atrioli
2226 2141 2461 2226 possim
2499 2142 2701 2207 inclu-

312 2244 483 2321 dere,
531 2245 597 2307 et
633 2241 917 2328 putealia
967 2240 1248 2325 sigillata
1295 2242 1441 2306 due.
1534 2244 1594 2305 4.
1645 2240 2113 2308 Bibliothecam
2155 2249 2336 2309 tuam
2380 2267 2531 2310 cave
2574 2246 2704 2310 cui-

312 2368 511 2430 quam
549 2345 959 2430 despondeas,
1008 2345 1298 2428 quamvis
1341 2368 1548 2410 aorem
1594 2353 1942 2411 amatorem
1989 2347 2341 2411 inveneris:
2389 2370 2541 2412 nam
2585 2370 2706 2434 ego

312 2471 535 2514 omnes
580 2471 755 2513 meas
783 2448 1199 2513 vindemiolas
1250 2471 1323 2512 eo
1368 2471 1636 2527 reservo,
1683 2453 1757 2513 ut
1796 2449 1960 2514 illud
2003 2448 2356 2515 subsidium
2399 2452 2707 2516 senectuti

312 2575 557 2639 parem.
649 2553 708 2617 5.
748 2549 850 2617 De
880 2551 1079 2617 fratre
1108 2552 1355 2617 confido
1385 2552 1478 2617 ita
1507 2574 1657 2632 esse,
1689 2558 1764 2617 ut
1794 2575 2040 2638 semper
2069 2553 2243 2618 volui
2272 2558 2337 2618 et
2366 2553 2704 2620 elaboravi.

312 2655 533 2721 Multa
576 2657 764 2741 signa
807 2660 957 2721 sunt
1000 2655 1136 2721 eius
1177 2655 1291 2734 rei,
1339 2678 1470 2721 non
1510 2656 1871 2735 minimum,
1918 2657 2087 2742 quod
2133 2679 2306 2722 soror
2347 2679 2709 2743 praegnans

312 2764 430 2825 est.
521 2761 582 2823 6.
629 2757 732 2824 De
761 2760 1034 2825 comitiis
1073 2759 1231 2823 meis
1270 2766 1334 2823 et
1374 2758 1494 2824 tibi
1527 2780 1631 2823 me
1659 2760 2014 2845 permisisse
2041 2760 2307 2824 memini
2336 2766 2400 2825 et
2428 2784 2548 2848 ego
2577 2761 2709 2827 iam

312 2864 565 2948 pridem
607 2862 727 2929 hoc
771 2860 1214 2927 communibus
1266 2863 1502 2943 amicis,
1556 2864 1669 2949 qui
1718 2868 1783 2928 te
1838 2868 2227 2949 exspectant,
2279 2865 2593 2948 praedicO,
2641 2871 2708 2931 te

313 2990 448 3033 non
476 2967 666 3032 modo
704 2988 836 3031 non
876 2965 1102 3031 arcessi
1141 2987 1181 3030 a
1214 2988 1338 3045 me,
1368 2967 1478 3031 sed
1518 2965 1859 3051 prohiberi,
1891 2968 2062 3051 quod
2101 2967 2473 3053 intellegam
2501 2969 2707 3034 multo

311 3071 527 3157 magis
554 3071 853 3134 interesse
882 3076 999 3134 tua
1024 3073 1090 3133 te
1120 3091 1327 3156 agere,
1352 3071 1522 3154 quod
1553 3072 1878 3157 agendum
1908 3075 2002 3135 est
2032 3070 2151 3135 hoc
2178 3074 2484 3156 tempore,
2513 3094 2707 3157 quam

313 3197 463 3240 mea
506 3179 571 3240 te
614 3174 830 3239 adesse
880 3172 1169 3238 comitiis.
1273 3172 1553 3240 Proinde
1599 3197 1674 3239 eo
1726 3174 1940 3239 animo
1983 3178 2049 3239 te
2093 3174 2287 3239 velim
2330 3197 2482 3256 esse,
2528 3176 2710 3260 quasi

315 3434 477 3493 ὁρᾶται·
517 3447 601 3481 are
645 3431 748 3481 also
797 3431 1096 3495 resumptive
1145 3431 1372 3495 particles
1413 3432 1469 3481 in
1626 3432 1846 3492 putealia
1889 3430 2132 3495 sigillata]
2226 3429 2512 3482 ‘omboesed
2567 3432 2707 3482 well-

318 3497 510 3557 Cicero,
564 3512 618 3545 as
669 3498 877 3559 equidem
929 3512 1033 3545 cum
1090 3500 1233 3545 audio
1286 3513 1467 3545 socrum
1567 3495 1777 3545 covers?

316 3578 469 3609 meam
504 3563 720 3610 Laelium
756 3562 983 3625 (famlias
1026 3563 1152 3609 enim
1189 3599 1199 3609 .
1239 3599 1251 3610 .
1293 3598 1304 3609 .
1341 3563 1466 3610 didi·
1633 3565 1681 3609 4.
1721 3557 2089 3624 Bibliothecam]
2159 3559 2271 3609 ‘Do
2296 3566 2384 3609 not
2409 3576 2473 3610 on
2501 3577 2602 3625 any
2622 3578 2704 3611 ao-

314 3628 501 3687 cormac)
531 3629 612 3673 sed
641 3642 745 3673 eam
774 3628 844 3674 sic
871 3628 1026 3683 audio,
1058 3627 1116 3675 de
1147 3625 1229 3674 Or.
1262 3626 1334 3675 iii.
1368 3628 1461 3685 45;
1567 3630 1720 3674 count
1746 3624 1930 3672 benoth
1961 3639 2087 3687 your
2114 3623 2299 3700 librar-y
2326 3630 2378 3675 to
2403 3642 2614 3700 anyone,
2647 3643 2710 3675 no

317 3699 450 3738 recta
472 3692 649 3753 effectio
673 3691 991 3753 (κατόρθωσιν
1012 3693 1135 3739 emim
1162 3693 1235 3739 ita
1263 3694 1461 3751 appello,
1567 3696 1746 3739 matter
1767 3690 1878 3738 how
1903 3704 2047 3752 eager
2067 3704 2099 3737 a
2120 3689 2275 3738 suitor
2299 3689 2379 3738 for
2399 3690 2441 3739 it
2462 3706 2561 3754 you
2585 3693 2704 3740 find.

319 3756 449 3815 δια),
495 3763 624 3803 recta
660 3758 817 3816 ἱρέων
858 3758 1049 3818 efflesto,
1101 3755 1214 3804 Fin.
1261 3755 1333 3803 iii.
1381 3754 1595 3804 45.1
1620 3772 1698 3804 am
1721 3752 1962 3828 hoarding
1988 3769 2056 3816 up
2087 3753 2154 3802 all
2185 3770 2270 3817 my
2293 3755 2548 3817 gleanings
2572 3759 2705 3816 (sav-

322 3820 449 3869 Boot
472 3819 634 3868 shows
662 3820 773 3868 that
804 3827 959 3868 tamen
990 3820 1079 3868 has
1115 3820 1213 3869 this
1247 3819 1380 3869 force
1413 3819 1465 3868 in
1568 3819 1698 3883 ings)
1721 3825 1773 3867 to
1795 3819 1906 3905 buy
1919 3818 1961 3867 it
1985 3834 2040 3867 as
2065 3834 2096 3867 a
2124 3827 2326 3882 support
2350 3822 2608 3882 (resource)
2631 3820 2710 3869 for

321 3884 463 3932 Fam.
482 3884 550 3932 ix.
582 3888 656 3942 16,
679 3888 707 3933 2
733 3885 843 3946 (but
862 3885 1001 3933 there
1025 3886 1065 3932 it
1088 3885 1131 3933 is
1152 3885 1321 3947 joined
1342 3884 1465 3933 with
1568 3901 1655 3949 my
1676 3883 1758 3933 old
1726 3882 1906 3946 dffage

318 3952 435 4009 ned),
464 3950 562 3998 and
594 3951 647 3997 in
680 3949 817 4000 Brut.
854 3949 1175 3998 lOl—wlrere
1206 3958 1359 3998 tamen
1388 3948 1466 3997 in-
1567 3952 1678 4063 δέ.
1717 3950 1791 3997 De
1812 3949 2015 3996 comitiis
2043 3946 2182 4011 meis]
2252 3947 2351 3996 For
2375 3948 2459 3997 the
2488 3954 2707 4011 praetor-

318 4015 545 4063 troduces
589 4014 674 4063 the
710 4014 1015 4076 parenthesis
1049 4031 1102 4062 as
1142 4014 1257 4063 well
1292 4031 1346 4063 as
1392 4030 1465 4063 re-
1647 4030 1694 4076 ρ,
1718 4012 1880 4061 which
1903 4011 1965 4061 he
1983 4012 2131 4071 filled,
2160 4028 2210 4061 A.
2226 4028 2274 4060 ι.
2290 4030 2333 4062 c.
2362 4016 2472 4069 688,
2499 4029 2546 4061 Β.
2558 4029 2601 4061 c.
2624 4016 2703 4061 66.

318 4095 482 4127 sumes
513 4078 599 4127 the
633 4080 894 4129 narrative.
968 4080 1032 4127 So
1064 4095 1188 4141 erqo,
1224 4086 1397 4128 autom.
1635 4080 1726 4125 tibi
1756 4094 1825 4125 mo
1853 4076 2146 4141 permisisse]
2218 4077 2277 4125 ‘I
2324 4080 2387 4127 do
2431 4084 2518 4125 not
2549 4077 2712 4140 for-get

385 4147 433 4191 2.
468 4142 644 4209 amico]
714 4143 969 4193 Lucceius.
1566 4143 1677 4192 that
1700 4142 1726 4191 Ι
1752 4158 1875 4205 gave
1905 4157 2002 4205 you
2033 4143 2136 4190 free
2167 4141 2452 4204 permission
2471 4142 2569 4201 ’(ἰ.
2580 4158 2619 4190 e.
2660 4150 2711 4191 to

372 4210 487 4271 sore
532 4210 583 4255 in
627 4210 768 4269 officio
808 4216 851 4256 et
896 4211 949 4255 in
992 4216 1157 4256 nostra
1204 4205 1467 4319 potestate}
1568 4216 1678 4259 stav
1713 4209 1893 4269 away).
1961 4205 2041 4255 Cf.
2085 4223 2228 4267 neque
2261 4209 2535 4280 discessus-set
2571 4222 2602 4253 a
2641 4224 2712 4255 me

325 4274 465 4323 ‘that
501 4271 565 4321 he
604 4272 707 4322 will
743 4273 804 4322 be
848 4273 1183 4335 complaisant,
1225 4274 1322 4323 and
1364 4272 1448 4320 wil
1566 4275 1667 4321 nisi
1699 4289 1778 4333 eqo
1811 4274 1854 4319 ei
1881 4275 2216 4362 pel-misissem,
2247 4271 2385 4319 Pam.
2413 4270 2518 4319 xiii.
2546 4271 2623 4322 71.

321 4345 411 4401 put
444 4337 649 4386 himself
676 4338 729 4386 in
762 4354 809 4386 m
882 4337 1080 4387 hands.'
1635 4336 1864 4400 Proinde]
1940 4335 1994 4383 ‘I
2028 4335 2202 4384 should
2239 4336 2362 4383 wish
2397 4351 2494 4398 you
2527 4343 2580 4384 to
2610 4334 2710 4386 feel

388 4406 434 4450 3.
468 4403 721 4450 scribebam
780 4408 792 4428 ‘
857 4420 934 4450 am
949 4402 1188 4466 writing,'
1205 4401 1467 4466 epistolary
1569 4401 1624 4450 in
1647 4401 1744 4450 this
1767 4410 1943 4450 matter
1958 4403 2066 4464 just
2087 4416 2140 4447 as
2163 4399 2207 4447 if
2231 4399 2255 4447 I
2280 4400 2377 4448 had
2393 4409 2500 4449 sent
2524 4416 2623 4464 you
2647 4417 2711 4450 on

322 4467 515 4529 imperf.
588 4466 679 4515 See
750 4467 863 4531 oby,
894 4467 915 4531 ξ
946 4471 1085 4516 1468.
1570 4483 1655 4529 my
1678 4482 1790 4515 own
1815 4466 2039 4513 business
2067 4473 2117 4513 to
2144 4464 2228 4513 the
2252 4464 2388 4527 place
2410 4480 2509 4529 you
2534 4480 2615 4513 are
2638 4466 2707 4515 in.

388 4530 548 4596 typos]
621 4531 928 4581 ‘bas-reliefs
950 4533 1031 4581 for
1051 4531 1283 4581 insertion
1310 4530 1359 4580 in
1383 4530 1469 4579 the
1572 4532 1682 4579 And
1721 4546 1818 4593 you
1858 4531 1958 4577 will
1995 4529 2097 4576 find
2135 4530 2246 4591 (and
2291 4530 2409 4578 hear
2451 4529 2577 4577 from
2624 4546 2715 4580 our

320 4596 503 4659 plaster
518 4596 657 4647 walls
671 4598 725 4645 of
738 4613 821 4661 my
837 4597 1180 4647 antechamber
1197 4598 1209 4619 '
1239 4597 1465 4659 (Pretor).
1571 4611 1793 4646 common
1816 4594 2019 4657 friends)
2042 4593 2148 4643 that
2167 4610 2251 4658 my
2269 4595 2479 4658 feelings
2503 4598 2714 4647 towards
