3229 5145
535 458 662 525 150
1333 457 1480 523 ΕΡ.
1526 457 1617 523 X.
1666 456 1892 543 (ATT.
1940 459 2000 523 I.
2047 456 2135 543 1).

534 655 687 699 cura
736 636 810 698 ut
859 635 1158 718 praestes,
1205 631 1509 717 quoniam
1557 631 1822 717 propius
1871 630 2040 711 abes,
2093 630 2407 717 Pompeii,
2458 630 2664 697 nostri
2720 629 2932 697 amici.

534 735 727 822 Nega
767 759 871 802 me
909 737 971 802 ei
1007 736 1246 801 iratum
1288 734 1444 815 fore,
1485 734 1541 800 si
1583 736 1670 800 ad
1705 757 1852 801 mea
1895 734 2156 801 comitia
2196 756 2330 801 non
2358 736 2623 801 venerit.
2710 734 2937 821 Atque

530 838 688 905 haec
724 838 917 905 huius
953 838 1130 905 modi
1169 842 1340 904 sunt.
1430 839 1492 902 3.
1539 837 1669 904 Sed
1706 841 1803 905 est
1838 840 2011 924 quod
2050 838 2165 904 abs
2202 843 2268 904 te
2306 838 2471 904 mihi
2504 839 2751 926 ignosci
2788 862 2933 926 per-

528 942 746 1008 velim.
837 941 1170 1023 Caecilius,
1202 942 1557 1007 avunculus
1587 945 1761 1023 tuus,
1790 964 1831 1007 a
1859 941 1936 1006 P.
1968 941 2171 1009 Vario
2210 964 2358 1008 cum
2394 964 2636 1028 magna
2662 943 2937 1028 pecunia

530 1045 958 1127 fraudaretur,
990 1067 1180 1131 agere
1217 1045 1425 1131 coepit
1463 1067 1610 1110 cum
1649 1046 1787 1111 eius
1823 1045 2025 1111 fratre
2051 1046 2140 1111 A.
2173 1044 2444 1112 Caninio
2475 1045 2710 1132 Satyro
2739 1047 2819 1111 de
2850 1046 2934 1111 iis

529 1147 739 1229 rebus,
792 1171 950 1235 quas
993 1170 1141 1214 eum
1186 1148 1333 1213 dolo
1371 1147 1543 1213 malo
1585 1148 1906 1235 mancipio
1950 1149 2259 1235 accepisse
2302 1150 2383 1214 de
2425 1148 2628 1216 Vario
2672 1150 2929 1215 diceret.

529 1249 690 1319 Una
746 1250 1026 1338 agebant
1083 1252 1275 1318 ceteri
1333 1252 1692 1331 creditores,
1751 1252 1823 1317 in
1879 1252 2113 1339 quibus
2169 1254 2309 1318 erat
2364 1250 2445 1318 L.
2499 1250 2816 1318 Lucullus
2866 1258 2936 1318 et

529 1355 608 1422 P.
640 1355 854 1441 Scipio
893 1360 958 1421 et
994 1357 1069 1434 is,
1110 1378 1302 1443 quem
1338 1354 1656 1442 putabant
1696 1355 2081 1442 magistrum
2121 1355 2278 1435 fore,
2319 1355 2376 1421 si
2407 1355 2580 1422 11000
2616 1356 2932 1434 venirent,

526 1458 609 1528 L.
652 1459 942 1526 Pontius.
1031 1459 1280 1527 Verum
1316 1458 1436 1525 hoc
1473 1459 1818 1524 ridiculum
1857 1463 1954 1526 est
1999 1461 2080 1524 de
2120 1458 2452 1545 magistro.
2540 1457 2739 1524 Nunc
2781 1481 2932 1544 cog-

525 1585 713 1629 nosce
763 1585 922 1629 rem.
1019 1562 1308 1650 Rogavit
1348 1585 1453 1628 me
1496 1561 1832 1643 Caecilius,
1877 1565 1955 1628 ut
2000 1563 2286 1628 adessem
2332 1564 2554 1627 contra
2597 1561 2930 1647 Satyrum.

524 1664 686 1732 Dies
713 1666 848 1733 fere
883 1666 1103 1732 nullus
1131 1671 1228 1731 est
1256 1666 1414 1754 quin
1442 1665 1547 1731 hic
1575 1664 1849 1751 Satyrus
1877 1666 2142 1731 domum
2175 1686 2389 1730 meam
2416 1665 2709 1730 ventitet.
2800 1664 2932 1730 Ob·

525 1773 738 1837 servat
764 1768 847 1836 L.
879 1770 1245 1836 Domitium
1272 1769 1588 1836 maxime:
1633 1792 1739 1835 me
1767 1767 1962 1835 habet
1995 1768 2383 1855 proximum.
2412 1777 2422 1786 ’
2474 1766 2635 1833 Fuit
2671 1770 2736 1833 et
2768 1767 2934 1833 mihi

526 1878 592 1940 et
639 1872 723 1945 Q.
774 1873 966 1939 fratri
1013 1895 1253 1959 magno
1303 1873 1451 1938 usui
1501 1873 1573 1938 in
1625 1873 1859 1939 nostris
1903 1871 2342 1958 petitionibus.
2431 1873 2493 1937 4.
2563 1870 2733 1937 Sane
2789 1893 2935 1938 sum

524 1975 935 2064 perturbatus
977 1999 1124 2042 cum
1166 1976 1367 2062 ipsius
1409 1975 1631 2061 Satyri
1676 1975 2116 2042 familiaritate
2158 1978 2301 2040 tum
2347 1974 2645 2055 Domitii,
2688 1975 2760 2040 in
2804 1997 2934 2061 quo

524 2102 658 2147 uno
697 2080 978 2145 maxime
1016 2079 1283 2146 ambitio
1321 2084 1541 2146 nostra
1581 2079 1833 2146 nititur.
1922 2078 2384 2145 Demonstravi
2420 2078 2579 2145 haec
2617 2077 2931 2144 Caecilio:

525 2183 721 2250 simul
762 2187 828 2250 et
862 2184 1029 2250 illud
1067 2183 1337 2264 ostendi,
1380 2184 1436 2249 si
1472 2186 1609 2269 ipse
1647 2204 1819 2249 unus
1856 2205 2004 2248 cum
2042 2183 2156 2248 illo
2196 2204 2328 2247 uno
2366 2183 2799 2264 contenderet,
2826 2204 2935 2248 me

527 2288 588 2354 ei
635 2287 788 2354 satis
833 2288 1158 2353 facturum
1204 2287 1437 2353 fuisse:
1483 2309 1658 2352 nunc
1693 2288 1767 2353 in
1806 2308 1996 2353 001100
2040 2287 2485 2353 universorum
2526 2287 2933 2366 creditorum,

526 2391 864 2458 hominum
899 2391 1273 2478 praesertim
1312 2391 1873 2478 amplissimorum,
1910 2390 2024 2476 qui
2066 2390 2204 2456 sine
2243 2412 2339 2471 00,
2384 2412 2577 2476 quem
2619 2389 2935 2456 Caecilius

527 2517 643 2562 suo
699 2495 962 2561 nomine
1018 2494 1399 2581 perhiberet,
1458 2494 1648 2560 facile
1714 2516 2118 2560 communem
2190 2515 2448 2559 causam
2521 2494 2930 2575 sustinerent,

528 2602 806 2687 aequum
852 2622 986 2667 esse
1035 2622 1184 2665 eum
1234 2603 1300 2665 et
1344 2598 1547 2665 officio
1589 2621 1737 2664 meo
1781 2598 2105 2664 consulere
2153 2601 2219 2663 et
2274 2598 2566 2684 tempori.
2686 2596 2937 2663 Durius

530 2704 812 2790 accipere
856 2702 978 2769 hoc
1025 2702 1190 2769 mihi
1217 2703 1393 2768 visus
1442 2708 1539 2767 est
1588 2724 1785 2787 quam
1827 2702 2059 2767 vellem
2097 2706 2163 2768 et
2206 2723 2401 2787 quam
2446 2701 2738 2767 homines
2778 2699 2935 2767 belli

596 2925 643 2972 3.
681 2924 776 2972 Sed
793 2928 862 2971 est
884 2921 1030 2987 quod]
1091 2923 1104 2946 ‘
1122 2919 1222 2970 But
1242 2921 1382 2970 there
1398 2919 1442 2969 is
1458 2937 1489 2970 a
1505 2926 1684 2972 matter

530 2986 612 3037 for
636 2986 804 3036 99111011
837 2985 864 3035 1
898 3002 977 3037 am
1000 3001 1121 3050 very
1142 2984 1350 3034 anxious
1384 2989 1438 3035 to
1470 2985 1684 3049 bespeak

530 3067 662 3117 your
695 3051 820 3099 kind
852 3049 1162 3113 indulgence.
1252 3048 1509 3107 Caecilius,
1556 3066 1685 3115 your

531 3117 694 3174 uncle,
725 3112 912 3179 having
944 3115 1070 3164 been
1101 3112 1368 3163 defrauded
1401 3112 1456 3163 of
1486 3130 1518 3164 a
1547 3114 1685 3178 large

532 3197 645 3230 sum
682 3178 737 3230 of
770 3194 951 3243 money
980 3178 1050 3242 by
1079 3176 1275 3239 Varius,
1311 3177 1401 3226 has
1437 3179 1587 3228 taken
1619 3196 1684 3229 an

1782 2923 1883 2972 0011
1919 2938 1996 2986 cp.
2039 2937 2143 2971 cum
2180 2923 2368 2985 diceret,
2412 2921 2519 2971 Att.
2559 2920 2596 2970 i.
2639 2925 2715 2981 16,
2750 2924 2781 2971 2
2816 2921 2932 2986 (Ep.

1781 2986 1932 3050 xxii.)
1999 2985 2121 3036 This
2151 2985 2195 3035 is
2232 2986 2370 3036 what
2407 2986 2496 3037 Dr.
2537 2985 2783 3051 Kennedy
2815 2987 2936 3036 calls

1781 3051 1870 3101 the
1891 3055 1905 3080 ‘
1920 3051 2106 3101 virtual
2128 3051 2366 3115 oblique.’
2436 3051 2527 3115 Cp.
2551 3052 2657 3101 also
2678 3051 2817 3102 Fam.
2842 3052 2932 3100 911.

1787 3118 1863 3178 16,
1893 3118 1938 3173 3,
1964 3119 2087 3178 quod
2105 3124 2273 3178 neyem
2295 3122 2339 3164 to
2360 3118 2634 3177 respondero
2654 3138 2697 3158 =
2716 3118 2852 3177 quod,
2879 3124 2936 3165 ut

1782 3183 1961 3239 dicunt,
1985 3197 2081 3229 non
2101 3183 2412 3242 respondeas,-
2443 3180 2554 3231 Att.
2576 3180 2645 3230 iv.
2675 3185 2718 3242 l,
2742 3185 2789 3239 6,
2813 3183 2940 3243 quod

1785 3251 1885 3294 tuto
1914 3261 1960 3294 se
1989 3252 2213 3307 neqarent
2238 3262 2377 3307 posse
2408 3248 2688 3294 sententiam
2716 3248 2869 3294 dicere
2889 3267 2933 3287 =

1782 3312 1922 3373 quod,
1962 3317 2018 3359 ut
2054 3312 2282 3369 dicebant,
2328 3326 2421 3358 non
2451 3317 2643 3372 possent
2662 3326 2681 3359 .·
2720 3326 2800 3359 see
2831 3310 2938 3361 also

1785 3380 1900 3424 note
1922 3391 1987 3424 on
2007 3376 2287 3437 reliquisset,
2313 3374 2409 3438 Ep.
2435 3375 2595 3424 xxvii.
2620 3377 2698 3423 12.
2756 3375 2937 3439 Mayor

1785 3454 1851 3489 on
1876 3439 2007 3488 Phil.
2031 3439 2144 3492 11.7
2166 3456 2413 3502 compares
2440 3440 2527 3490 the
2555 3440 2812 3504 negligent
2840 3456 2933 3489 ex·

1783 3504 2640 3619 Ξὲῗζῗέῦιῗέἓαέιῖὼέέείἓῗῧῗῖ
2654 3504 2937 3619 mah}

1786 3649 1889 3683 was
1910 3633 2025 3691 late,
2050 3650 2104 3684 as
2125 3633 2187 3683 he
2210 3634 2354 3684 said!

1851 3702 1900 3747 4.
1928 3697 2227 3764 perhiberet]
2299 3703 2313 3726 ‘
2330 3698 2545 3749 without
2577 3697 2664 3748 the
2697 3697 2781 3748 aid
2814 3696 2871 3748 of
2903 3714 2936 3748 a

1785 3762 1977 3827 1099901·
1997 3763 2233 3829 specially
2254 3764 2476 3814 retained
2506 3763 2574 3828 by
2595 3763 2841 3813 Caecilius
2868 3778 2935 3812 011

1786 3826 1867 3876 his
1899 3843 2013 3877 0990
2044 3828 2290 3878 account!
2358 3828 2466 3878 The
2499 3828 2634 3878 word
2657 3829 2935 3889 perhiberet

1787 3891 1904 3942 here
1921 3892 2061 3941 bears
2077 3910 2108 3942 a
2124 3908 2246 3958 very
2264 3894 2479 3942 unusual
2501 3908 2656 3943 sense.
2715 3893 2934 3956 Perhaps

1789 3956 1893 4006 Cic.
1912 3962 2065 4007 wrote
2076 3959 2395 4019 praehiberet.
2454 3957 2665 4007 Archaic
2679 3962 2833 4008 terme
2849 3973 2933 4007 are

1787 4020 1929 4071 often
1945 4022 2104 4072 found
2119 4022 2174 4072 in
2190 4023 2467 4073 connexion
2484 4022 2610 4073 with
2625 4022 2758 4086 legal
2772 4027 2933 4072 trans·

1787 4086 1995 4136 actions.
2594 4096 2601 4105 ·

531 3245 698 3296 001100

533 3309 705 3360 0011010
727 3325 757 3359 0
797 3308 990 3367 Varius,
1015 3307 1096 3357 for
1116 3322 1248 3357 00100
1268 3314 1501 3372 property
1517 3307 1684 3358 which

532 3375 598 3425 he
614 3390 727 3438 says
743 3388 845 3423 9900
859 3372 1164 3423 fraudulentl
1215 3372 1356 3421 made
1372 3387 1490 3422 0901·
1504 3378 1557 3422 to
1576 3373 1684 3425 him

532 3439 604 3503 by
627 3438 821 3488 Varius.
889 3438 974 3487 Au
1000 3437 1085 3487 the
1114 3453 1144 3486 0
1201 3452 1255 3486 01·
1281 3437 1515 3487 creditore
1542 3440 1686 3488 made

534 3519 759 3555 common
771 3518 916 3554 cause
925 3502 1048 3552 with
1062 3501 1318 3559 Caecilius,
1328 3518 1508 3567 among
1521 3504 1685 3553 whom

533 3584 665 3619 were
691 3566 947 3624 Lucullus,
976 3566 1157 3631 Scipi0,
1184 3567 1280 3615 and
1305 3566 1526 3625 Pontius,
1550 3568 1683 3626 99110,

535 3633 660 3698 they
675 3638 867 3696 expect,
882 3632 985 3681 will
1002 3639 1082 3682 act
1097 3647 1150 3681 as
1172 3631 1476 3681 salesmaster
1488 3632 1534 3681 if
1547 3633 1686 3683 there

534 3698 580 3748 is
592 3714 658 3748 011
672 3697 871 3747 auction
888 3698 942 3746 of
957 3696 1042 3747 the

537 3779 668 3821 ever,
696 3763 740 3812 it
766 3762 809 3811 is
836 3762 1019 3811 absurd
1046 3768 1099 3811 to
1126 3761 1232 3810 talk
1260 3760 1410 3810 about
1439 3761 1552 3811 who
1581 3761 1689 3811 will

535 3828 600 3878 110
622 3827 928 3877 salesmaster
947 3832 1000 3876 at
1020 3832 1234 3893 present.
1302 3825 1352 3875 N
1354 3841 1446 3884 099,
1472 3827 1688 3890 perpend

537 3894 596 3956 (i.
611 3908 653 3941 σ.
688 3893 827 3941 mark
853 3891 939 3941 the
970 3898 1150 3941 matter
1180 3890 1261 3940 for
1291 3889 1457 3940 which
1491 3890 1517 3940 I
1551 3898 1689 3941 want

536 3973 665 4026 your
684 3958 890 4020 pardon)
909 3955 1234 4006 z—Caecilius
1255 3954 1345 4004 has
1365 3956 1515 4006 asked
1536 3972 1616 4006 1110
1637 3962 1691 4006 to

537 4037 718 4085 appear
744 4020 824 4070 for
851 4020 956 4071 him
1046 4021 1177 4072 ainst
1200 4019 1423 4084 Satyrus.
1490 4019 1690 4085 Hardly

539 4104 570 4137 a
601 4089 698 4151 day
730 4101 896 4149 pasees
927 4086 1015 4135 wit
1051 4090 1138 4134 out
1172 4083 1381 4148 Satyrus
1412 4085 1607 4149 coming
1638 4096 1690 4134 to

899 3250 922 3294 t
957 3243 1019 3295 A.
1060 3242 1298 3293 Caninius
1334 3242 1556 3307 Satyrus,
1596 3243 1684 3293 the

1055 3697 1205 3761 goods
1218 3696 1273 3746 of
1285 3695 1479 3748 Varius.
1527 3696 1687 3746 How-

537 4168 625 4217 my
648 4151 818 4200 house.
865 4148 948 4199 He
969 4149 1012 4199 is
1033 4154 1160 4199 most
1180 4149 1421 4199 attentive
1441 4155 1495 4199 to
1518 4149 1687 4199 Domi·

538 4216 656 4274 tius,
681 4217 780 4265 0011
798 4222 922 4264 next
942 4222 995 4264 to
1015 4216 1129 4265 me.'

603 4279 803 4344 diceret]
875 4278 981 4344 ‘By
1003 4295 1034 4327 a
1055 4278 1372 4329 carelessness
1400 4277 1455 4328 of
1483 4293 1687 4341 expres-

539 4345 663 4404 sion,
703 4344 790 4394 the
827 4344 947 4393 verb
986 4343 1040 4393 of
1076 4343 1254 4408 saying
1290 4360 1346 4393 or
1382 4342 1614 4407 thinking
1647 4343 1691 4393 is

538 4409 817 4459 sometimes
845 4414 938 4471 put
965 4406 1019 4456 in
1048 4409 1133 4458 the
1154 4407 1470 4472 subjunctive
1499 4408 1691 4457 instead

537 4474 594 4523 of
625 4473 711 4524 the
742 4472 888 4537 thing
910 4472 1031 4522 said.
1102 4472 1168 4522 So
1189 4473 1455 4537 especially
1476 4474 1686 4531 diceret,'

540 4538 704 4604 Roby,
733 4538 873 4590 1746.
944 4537 1035 4587 See
1058 4537 1160 4588 also
1181 4536 1343 4603 Roby,
1375 4538 1515 4597 1722,
1545 4539 1686 4596 1744,

1661 4700 1703 4711 u-

1787 4151 2297 4282 .1.353.31“;:‚”.;1⁸32³.m¹;
2311 4149 2937 4281 AEffiffifffflffi

1788 4281 1885 4329 and
1902 4296 1988 4345 my
2096 4281 2247 4331 ition'
2271 4286 2344 4345 (as
2360 4282 2618 4332 candidate
2640 4280 2722 4331 for
2741 4281 2938 4331 consul-

1789 4344 1937 4460 01ξίἑὲ
2053 4361 2109 4396 01·
2138 4349 2356 4409 tempori,
2387 4362 2468 4397 see
2497 4345 2556 4403 Q.
2594 4346 2679 4396 Fr.
2711 4346 2744 4397 i.
2778 4350 2821 4405 1,
2856 4348 2935 4409 16,

1855 4491 1998 4550 quam
2020 4476 2229 4551 hemines
2251 4474 2384 4542 belli]
2457 4479 2470 4504 ‘
2486 4475 2609 4527 than
2637 4474 2681 4526 is
2708 4475 2853 4527 usual
2880 4474 2937 4526 in

1789 4540 1940 4602 polite
1960 4541 2186 4606 society!
