3229 5145
1156 510 1298 574 ΕΡ.
1365 510 1438 576 V.
1493 510 1723 593 (ATT.
1770 510 1830 572 Ι.
1883 509 1972 594 8).
2640 507 2762 570 135

738 900 822 968 V.
912 899 1028 966 TO
1076 896 1496 979 ATTICUS,
1542 920 1628 963 AT
1671 897 1959 964 Amans
2009 899 2198 984 (Arr.
2234 922 2282 966 1.
2315 905 2396 987 0).

851 1129 1054 1188 ROME,
1088 1129 1149 1172 A.
1184 1129 1250 1172 U.
1285 1130 1337 1171 C.
1372 1124 1502 1186 6873
1552 1127 1610 1172 B.
1645 1127 1698 1172 C.
1733 1125 1833 1187 673
1879 1128 2025 1172 AET.
2061 1129 2180 1173 cm.
2215 1128 2297 1176 39.

474 1296 553 1348 1)0
586 1304 740 1348 matre
780 1296 1007 1359 Caecilia,
1049 1298 1111 1346 de
1144 1296 1474 1347 controversia
1508 1295 1808 1354 Acutiliana,
1849 1297 1910 1347 de
1944 1295 2141 1361 negotio
2178 1297 2411 1360 Tadiano,
2460 1300 2520 1350 de
2555 1299 2766 1350 Lucceio

373 1379 547 1430 Attico
567 1379 716 1429 etiam
743 1395 877 1429 nunc
907 1379 1049 1440 irato,
1076 1379 1138 1427 de
1159 1377 1369 1440 pecunia
1391 1376 1451 1426 L.
1479 1376 1650 1428 Cincio
1679 1383 1864 1436 curata,
1890 1379 1950 1428 de
1976 1378 2147 1443 signis,
2175 1380 2355 1445 quibus
2381 1380 2594 1432 maximo
2622 1398 2767 1445 opere

371 1461 661 1523 delectetur,
686 1459 955 1520 mittendis,
979 1460 1040 1509 de
1061 1458 1277 1509 Tulliola
1298 1458 1646 1509 munusculum
1666 1458 1939 1524 flagitante.

1192 1642 1454 1698 CICERO
1490 1642 1755 1699 ATTICO
1793 1643 1945 1698 SAL.

509 1784 568 1848 1.
614 1782 816 1869 Apud
854 1786 920 1848 te
958 1786 1072 1863 est,
1113 1786 1189 1848 ut
1216 1782 1526 1848 volumus.
1618 1781 1834 1848 Mater
1870 1786 1986 1849 tua
2025 1786 2090 1848 et
2133 1805 2307 1850 soror
2343 1807 2383 1848 a
2420 1806 2523 1850 me
2559 1784 2764 1857 Quin-

372 1891 569 1972 toque
606 1887 803 1951 fratre
842 1886 1155 1972 diligitur.
1245 1885 1410 1952 Cum
1436 1886 1727 1951 Acutilio
1766 1908 1909 1952 sum
1946 1887 2211 1953 locutus.
2303 1885 2373 1952 Is
2409 1887 2532 1953 sibi
2569 1894 2767 1975 negat

373 2014 417 2056 a
459 2013 572 2056 suo
607 1994 1012 2077 procuratore
1046 1990 1397 2076 quidquam
1432 1989 1742 2075 scriptum
1785 2011 1917 2055 esse
1960 1993 2027 2055 et
2067 1991 2339 2056 miratur
2383 1991 2573 2057 istam
2618 2015 2764 2057 con-

372 2094 746 2159 troversiam
791 2092 1006 2174 fuisse,
1051 2094 1222 2178 quod
1268 2093 1379 2158 ille
1422 2093 1725 2159 recusarit
1775 2092 1929 2158 satis
1975 2094 2126 2159 dare
2173 2115 2465 2160 AMPLms
2517 2116 2638 2161 Ans
2681 2118 2764 2161 'rs

371 2218 516 2261 Nou
559 2218 733 2261 ΡΕΤΙ.
823 2196 1015 2267 Quod
1055 2203 1119 2261 te
1158 2195 1237 2261 de
1277 2194 1568 2262 Tadiano
1606 2197 1870 2283 negotio
1909 2198 2211 2263 decidisse
2254 2196 2491 2278 scribis,
2535 2199 2606 2265 id
2643 2222 2763 2286 ego

372 2299 580 2365 Tadio
626 2305 691 2366 et
734 2303 995 2386 gratum
1043 2321 1174 2364 esse
1212 2299 1505 2365 intellexi
1556 2303 1622 2370 et
1667 2322 1905 2387 magno
1948 2322 2135 2386 opere
2176 2301 2546 2367 iucundum.
2637 2302 2764 2368 Ille

370 2408 590 2468 noster
637 2404 895 2482 amicus,
943 2402 1043 2467 vir
1085 2402 1443 2468 mehercule
1490 2403 1772 2488 optimus
1814 2410 1881 2468 et
1928 2403 2090 2468 mihi
2133 2404 2566 2484 amicissimus,
2611 2426 2764 2471 sane

369 2506 496 2572 tibi
533 2507 735 2571 iratus
769 2509 885 2570 est.
975 2505 1125 2571 Hoc
1163 2506 1216 2570 si
1256 2505 1484 2592 quanti
1529 2510 1606 2571 tu
1646 2507 1937 2572 aestimes
1980 2507 2194 2587 sciam,
2233 2511 2376 2572 tum
2414 2508 2570 2594 quid
2601 2509 2763 2575 mihi

368 2609 833 2676 elaborandum
876 2609 959 2675 sit
998 2610 1155 2675 scire
1195 2610 1449 2696 possim.
1539 2610 1600 2675 2.
1648 2609 1731 2676 L.
1765 2610 1984 2676 Cincio
2023 2609 2166 2676 HS.
2198 2631 2372 2676 00100
2411 2632 2581 2677 00100
2620 2634 2764 2678 0000

369 2736 489 2797 pro
518 2713 719 2799 signis
746 2712 1109 2799 Megaricis,
1140 2720 1216 2780 ut
1255 2717 1329 2779 tu
1369 2714 1455 2779 ad
1491 2736 1595 2779 me
1634 2714 1987 2799 scripseras,
2018 2714 2253 2779 curavi.
2342 2712 2631 2781 Hermae
2663 2718 2763 2782 tui

368 2817 684 2883 Pentelici
732 2839 878 2882 cum
928 2816 1244 2902 capitibus
1294 2816 1527 2897 aeneis,
1579 2818 1662 2882 de
1708 2816 1938 2903 quibus
1989 2818 2074 2882 ad
2116 2839 2220 2882 me
2265 2818 2586 2904 scripsisti,
2630 2820 2762 2886 iam

367 2943 545 2986 nuno
589 2942 691 2986 me
737 2921 1084 2986 admodum
1131 2920 1466 2986 delectant.
1560 2920 1710 2993 Qua
1754 2942 1824 2986 re
1870 2921 2066 2987 velim
2104 2926 2169 2987 et
2213 2944 2317 2987 eos
2360 2928 2423 2987 et
2467 2923 2655 3010 signa
2697 2930 2762 2990 et

439 3112 485 3158 1.
522 3111 676 3171 Apud
696 3116 741 3158 te
751 3108 894 3224 αἰὲν
915 3108 1091 3160 ‘With
1113 3126 1239 3175 your
1260 3110 1432 3173 people
1453 3111 1520 3159 all
1620 3127 1713 3159 non
1747 3112 1855 3173 peti
1894 3127 2039 3168 cures,
2077 3117 2131 3158 ut
2173 3112 2293 3158 satis
2325 3112 2464 3160 detur
2492 3114 2597 3175 fide
2639 3129 2754 3171 mea,

367 3175 415 3224 is
435 3191 491 3224 as
511 3190 587 3225 we
610 3173 765 3225 wish'
877 3174 1121 3224 111-101010
1147 3183 1200 3224 to
1224 3174 1309 3223 the
1335 3174 1514 3225 house-
1619 3178 1799 3233 deinde,
1824 3176 1912 3224 810.
1966 3174 2104 3224 Thus
2121 3190 2252 3224 cures
2272 3175 2316 3224 is
2338 3177 2478 3226 made
2500 3182 2552 3227 to
2572 3192 2757 3241 govem

366 3239 487 3289 hold
508 3239 564 3288 of
585 3238 815 3297 Quintus,
840 3238 1005 3289 where
1028 3239 1297 3303 Pomponia
1314 3255 1415 3289 was
1432 3240 1518 3290 the

367 3304 540 3367 ruling
561 3304 716 3366 spirit.

434 3370 492 3418 Ie
512 3369 603 3416 sibi
626 3368 793 3444 ναρρατ]
846 3367 960 3417 ‘He
976 3380 1029 3417 sa
1066 3385 1090 3418 0
1105 3368 1169 3418 110
1184 3367 1274 3417 has
1293 3367 1517 3419 received

366 3448 434 3482 110
449 3434 861 3483 communication
882 3434 1008 3482 from
1065 3440 1294 3497 1s‚agent
1314 3434 1410 3483 and
1429 3450 1513 3483 ex-

364 3514 504 3612 peresa
505 3514 558 3547 00
580 3498 656 3547 his
678 3497 1034 3548 astonishment
1054 3497 1166 3548 that
1186 3498 1296 3547 that
1318 3499 1513 3562 quarrel

430 3571 593 3612 tween
616 3578 736 3638 you
739 3563 916 3612 should
943 3562 1073 3611 have
1100 3562 1260 3611 111-10011
1287 3562 1417 3611 from
1439 3563 1517 3612 his

362 3626 555 3677 refusin
612 3634 665 3677 to
687 3627 802 3691 give
817 3643 918 3692 you
939 3644 970 3676 a
1147 3635 1238 3692 nty
1253 3627 1364 3677 that
1380 3627 1518 3677 there

365 3692 533 3742 would
559 3644 625 3742 {e
654 3708 719 3741 no
748 3691 944 3741 further
964 3643 1160 3742 effi
1161 3708 1195 3740 11
1216 3692 1327 3741 that
1348 3691 1512 3741 head)

430 3756 602 3832 run]
644 3756 750 3806 Τ110
778 3762 977 3819 present
1006 3772 1124 3805 rm
1154 3757 1197 3806 is
1228 3758 1348 3806 used
1382 3757 1517 3807 tech-

360 3821 549 3897 nically
586 3820 642 3871 in
676 3821 807 3886 legal
850 3821 1204 3897 uansactions:
1255 3836 1337 3870 see
1371 3821 1512 3871 Fam.

363 3886 476 3935 xiii.
520 3888 599 3947 28,
640 3888 687 3945 2,
729 3887 828 3935 and
862 3885 977 3936 Ver.
1028 3885 1081 3935 ii.
1130 3889 1210 3948 60,
1252 3888 1514 3935 iudicatum

362 3953 483 3999 solvi
505 3953 626 3999 satis
646 3954 845 3999 daturos
865 3966 961 3999 0000
982 3951 1213 3999 dicebant.
1274 3950 1375 4000 But
1382 3955 1512 4013 petz

363 4024 531 4064 turum
558 4015 604 4064 is
630 4015 805 4077 found,
833 4015 979 4065 when
1007 4015 1092 4064 the
1122 4016 1398 4065 accusative
1430 4017 1511 4065 be·

360 4081 473 4130 fore
515 4079 601 4129 the
644 4080 764 4130 verb
808 4079 851 4129 10
894 4082 1187 4142 expressed3
1245 4080 1313 4129 cf.
1362 4081 1507 4131 Rosc.

362 4144 506 4195 Com.
534 4147 612 4204 35,
642 4147 770 4202 Quia
790 4146 865 4193 ita
885 4149 1007 4193 satis
1028 4161 1119 4193 non
1142 4146 1271 4193 dedit
1301 4148 1512 4206 amplius

361 4227 394 4258 a
432 4227 480 4257 00
516 4211 747 4259 neminem
785 4212 1067 4270 petiturum,
1110 4211 1208 4259 and
1242 4210 1382 4259 Brut.
1430 4213 1505 4272 18,

362 4290 459 4322 non
481 4277 659 4323 solvam
688 4277 785 4323 nisi
809 4276 957 4335 prius
986 4291 1017 4322 a
1048 4282 1092 4322 te
1113 4291 1270 4323 cavero
1300 4277 1510 4336 amplius

358 4356 412 4387 eo
440 4342 627 4387 nomine
655 4341 902 4401 neminem,
928 4341 1062 4387 cuius
1078 4343 1250 4400 petitio
1279 4342 1360 4396 sit,
1383 4342 1508 4400 peti-

362 4412 547 4451 eurum.
616 4403 680 4453 In
712 4404 854 4453 Fam.
879 4402 987 4452 xiii.
1015 4406 1091 4465 28,
1119 4408 1165 4463 2,
1190 4403 1339 4453 Klotz
1369 4405 1509 4468 gives

358 4469 448 4517 the
484 4467 645 4518 whole
687 4483 889 4532 passage
927 4468 1074 4518 thus:
1118 4476 1229 4517 sunt
1261 4473 1352 4517 duo
1392 4487 1509 4531 quae

361 4542 406 4582 te
448 4537 729 4582 nominatim
764 4549 911 4595 ⁹⁴:090
950 4535 1167 4594 primum
1206 4541 1275 4591 ue,
1312 4537 1355 4581 01
1393 4552 1452 4595 qn
1426 4538 1511 4581 nil

358 4602 483 4647 satis
528 4600 736 4647 dandum
788 4602 900 4657 erit,
960 4602 1168 4659 amplius
1223 4615 1269 4646 eo
1326 4602 1508 4647 nomine

1609 3244 1733 3300 peti.
1803 3239 1831 3288 I
1867 3240 2033 3289 would
2069 3241 2184 3289 read
2210 3243 2426 3301 primum
2460 3249 2529 3300 ut,
2565 3245 2611 3291 οἱ
2643 3247 2763 3305 quid

1617 3308 1740 3353 satie
1783 3307 1991 3353 dandum
2038 3309 2132 3354 erit
2174 3320 2402 3354 1111011110
2445 3321 2510 3355 no
2554 3322 2759 3359 noum

1617 3385 1725 3418 nox
1757 3384 1890 3425 rm,
1927 3385 2061 3418 cures
2093 3376 2146 3417 ut
2180 3373 2299 3418 εαιέε
2330 3372 2469 3419 detur
2489 3375 2589 3435 fide
2621 3389 2757 3422 mea:

1621 3433 1681 3482 ‘I
1725 3434 1836 3498 beg,
1882 3435 2006 3494 first,
2052 3434 2097 3483 if
2133 3450 2196 3483 an
2271 3435 2487 3500 security
2521 3436 2565 3484 is
2607 3446 2659 3486 to
2695 3438 2757 3488 be

1616 3498 1764 3562 given
1792 3499 2146 3563 guaranteeing
2236 3515 2263 3548 e
2295 3507 2441 3564 party
2475 3502 2594 3549 011οἀ
2626 3502 2756 3552 from

1614 3579 1713 3627 any
1737 3563 1931 3613 further
1952 3563 2097 3613 claim
2118 3580 2183 3612 on
2206 3565 2288 3612 the
2311 3576 2421 3626 part
2449 3566 2504 3615 of
2533 3566 2618 3615 the
2640 3583 2751 3629 p-re

1614 3636 1725 3678 sent
1762 3629 2009 3687 claimant,
2055 3628 2163 3677 that
2208 3645 2305 3693 you
2345 3629 2448 3678 will
2491 3583 2672 3680 makep
2679 3649 2756 3681 me

1617 3692 1916 3756 responsible
1958 3695 2035 3742 for
2075 3694 2185 3742 that
2228 3694 2458 3757 security.
2468 3694 2482 3718 ’
2551 3694 2578 3742 1
2623 3696 2756 3758 print

1617 3758 1701 3807 the
1736 3759 1894 3807 words
1925 3757 1979 3806 in
2013 3758 2154 3807 small
2187 3759 2392 3821 capitale
2423 3766 2475 3808 to
2507 3761 2642 3809 draw
2674 3770 2751 3810 at-

1616 3822 1808 3872 tention
1843 3832 1895 3873 to
1931 3822 2018 3872 the
2050 3822 2155 3871 fact
2188 3821 2296 3872 that
2328 3823 2412 3872 the
2444 3823 2619 3885 phrase
2651 3824 2694 3873 is
2726 3842 2757 3874 a

1617 3887 1747 3951 legal
1777 3886 2004 3962 formula.
2074 3886 2180 3937 The
2209 3887 2306 3937 low
2338 3887 2484 3937 Latin
2514 3890 2648 3938 word
2677 3889 2757 3939 for

1614 3967 1646 4001 a
1666 3952 1850 4014 receipt
1869 3952 1912 3999 is
1933 3953 2131 4013 apocha.

1678 4016 1923 4105 dec-ddisse]
2006 4024 2086 4066 ‘to
2121 4015 2263 4066 settle
2297 4032 2328 4066 a
2365 4021 2543 4066 matter
2575 4023 2663 4067 out
2699 4019 2755 4068 of

1612 4082 1790 4131 court.'

1676 4145 2370 4275 {7²ff‘giccl‘201132323'22'00]
2444 4211 2534 4260 s00
2557 4209 2650 4273 Ep.
2677 4210 2750 4262 in.

1612 4277 1737 4337 (Att.
1763 4276 1796 4324 i.
1827 4278 1868 4333 7,
1903 4281 1964 4338 1),
1992 4282 2123 4324 note.

1675 4343 1864 4405 curavi]
1936 4340 2159 4389 ‘raised.’

1676 4405 1924 4470 Pentelici]
2010 4406 2078 4454 Of
2132 4402 2317 4453 marble
2359 4404 2489 4454 from
2533 4404 2749 4456 Penteli-

1611 4486 1698 4519 cus
1733 4470 2012 4532 (Mendeli).

1679 4537 1774 4582 iam
1820 4551 1940 4581 nome·
2049 4535 2294 4599 ‘already,
2342 4549 2468 4585 even
2509 4533 2678 4587 before
2723 4537 2751 4587 I

1610 4600 1736 4649 have
1770 4616 1884 4649 seen
1916 4606 1939 4648 t
1975 4599 2089 4649 em.‘
