3229 5145
1001 469 1147 532 ΕΡ.
1194 468 1316 532 LI.
1370 466 1600 552 (ATT.
1637 468 1740 531 II.
1774 467 1906 548 924.)
2520 466 2645 532 321

248 641 601 730 pugionem
635 641 931 721 defuisse,
962 640 1086 706 nisi
1123 639 1184 707 ei
1223 640 1442 706 consul
1480 639 1774 720 dedisset,
1804 662 2004 724 eoque
2031 638 2241 726 magis
2276 639 2347 705 id
2384 638 2655 705 eiectum

248 750 364 826 est,
408 746 585 831 quod
627 767 684 810 a.
729 745 792 810 d.
836 766 942 810 111.
975 744 1079 811 Id.
1112 743 1272 809 Mai.
1306 743 1582 809 Bibulus
1625 743 2006 829 Pompeium
2050 742 2285 809 fecerat
2326 742 2657 810 certiorem

246 852 325 916 ut
352 852 601 915 caveret
629 847 930 914 insidias:
974 847 1046 912 in
1077 870 1202 933 quo
1246 846 1306 912 ei
1346 846 1692 933 Pompeius
1733 846 1975 932 gratias
2017 850 2255 932 egerat.
2348 849 2408 912 3.
2440 845 2657 913 Intro-

250 955 480 1018 ductus
520 950 712 1016 Curio
762 951 935 1017 filius
973 950 1141 1017 dixit
1183 951 1267 1016 ad
1306 973 1399 1029 ea,
1446 971 1608 1035 quae
1635 948 1900 1018 Vettius
1941 951 2210 1032 dixerat,
2255 949 2660 1037 maximeque

250 1056 321 1122 in
349 1077 424 1121 eo
452 1058 595 1121 tum
625 1054 885 1140 quidem
913 1053 1175 1122 Vettius
1212 1056 1308 1119 est
1343 1052 1781 1139 reprehensae,
1813 1055 1987 1139 quod
2021 1054 2272 1120 dixerat
2297 1054 2659 1120 adolescen-

251 1159 420 1225 tium
458 1157 812 1238 consilium,
852 1161 930 1224 ut
967 1157 1040 1223 in
1076 1157 1212 1223 foro
1247 1155 1460 1244 [cum]
1495 1156 1958 1243 gladiatoribus
1987 1156 2249 1222 Gabinii
2279 1156 2661 1244 Pompeium

251 1260 692 1328 adorirentur:
743 1261 815 1326 in
854 1282 929 1327 eo
971 1260 1324 1347 principem
1367 1259 1672 1326 Paullum
1714 1259 1929 1340 fuisse,
1975 1283 2166 1346 quem
2215 1260 2544 1328 constabat
2585 1283 2663 1327 eo

250 1370 538 1451 tempore
574 1365 646 1429 in
688 1364 1071 1431 Macedonia
1108 1363 1322 1430 fuisse.
1411 1363 1531 1429 Fit
1566 1367 1824 1430 senatus
1862 1363 2243 1441 consultum,
2274 1367 2351 1429 ut
2377 1362 2659 1444 Vettius,

250 1468 428 1554 quod
476 1468 799 1534 confessus
848 1472 1010 1535 esset
1061 1489 1127 1534 se
1173 1490 1321 1534 cum
1365 1467 1495 1534 telo
1539 1467 1756 1546 fuisse,
1798 1466 1870 1531 in
1910 1466 2168 1532 vincula
2209 1467 2660 1535 conficeretur:

251 1570 366 1657 qui
394 1570 720 1652 emisisset,
752 1594 901 1639 eum
944 1574 1165 1638 contra
1205 1594 1343 1637 rem
1386 1569 1710 1657 publicam
1752 1592 1883 1636 esse
1927 1569 2267 1636 facturum.
2357 1569 2490 1637 Res
2522 1576 2662 1638 erat

251 1677 321 1740 in
358 1696 438 1741 ea
476 1674 797 1761 opinione,
828 1677 905 1741 ut
931 1678 1237 1761 putarent
1278 1675 1349 1741 id
1391 1697 1523 1741 esse
1566 1677 1800 1753 actum,
1831 1677 1908 1740 ut
1934 1672 2197 1742 Vettius
2233 1673 2304 1739 in
2344 1674 2483 1740 foro
2513 1697 2660 1741 cum

252 1778 537 1864 pugione
579 1782 645 1844 et
687 1778 844 1844 item
887 1778 1051 1844 servi
1101 1778 1238 1844 eius
1288 1777 1972 1864 comprehenderentur
2022 1800 2168 1844 cum
2217 1777 2381 1858 telis,
2427 1778 2661 1845 deinde

252 1881 359 1947 ille
388 1903 457 1947 se
486 1880 720 1946 diceret
748 1881 1199 1962 indicaturum,
1231 1881 1425 1968 idque
1459 1881 1555 1948 ita
1582 1886 1797 1948 actum
1825 1885 2005 1961 esset,
2035 1880 2161 1946 nisi
2190 1879 2497 1948 Curiones
2522 1905 2661 1948 rem

252 1987 404 2050 ante
450 1985 537 2049 ad
577 1983 958 2071 Pompeium
1001 1984 1396 2051 detulissent.
1486 1984 1661 2051 Tum
1704 1989 1960 2051 senatus
2002 1984 2361 2050 consultum
2403 1985 2474 2051 in
2513 2007 2659 2051 con-

250 2087 429 2153 tione
456 2083 793 2153 recitatum
822 2095 937 2153 est.
1014 2088 1277 2155 Postero
1308 2093 1525 2155 autem
1552 2089 1657 2155 die
1690 2087 1938 2168 Caesar,
1961 2088 2037 2166 is,
2063 2088 2175 2174 qui
2203 2089 2377 2169 olim,
2407 2092 2666 2174 praetor

252 2211 400 2257 cum
442 2193 623 2272 esset,
670 2190 751 2262 Q.
785 2190 1089 2258 Catulum
1126 2214 1207 2257 ex
1248 2192 1550 2259 inferiore
1590 2193 1729 2259 loco
1787 2192 2055 2258 iusserat
2106 2193 2332 2272 dicere,
2361 2191 2661 2261 Vettium

253 2294 324 2363 in
349 2296 557 2360 rostra
583 2295 905 2380 produxit,
937 2318 1207 2380 eumque
1236 2296 1307 2360 in
1335 2319 1409 2361 eo
1437 2296 1574 2361 loco
1604 2294 1954 2376 constituit,
1987 2316 2113 2380 quo
2144 2294 2384 2362 Bibulo
2412 2294 2658 2361 consuli

254 2396 532 2484 aspirare
582 2419 714 2464 non
760 2399 994 2464 liceret.
1099 2398 1235 2464 Hic
1279 2399 1389 2465 ille
1441 2399 1657 2464 omnia
1702 2421 1867 2485 quae
1911 2398 2116 2464 voluit
2161 2399 2241 2464 de
2285 2420 2354 2463 re
2405 2396 2664 2483 publica

254 2501 444 2581 dixit,
474 2504 559 2583 et,
591 2502 703 2588 qui
731 2503 885 2568 illuc
919 2502 1125 2569 factus
1152 2503 1612 2589 institutusque
1641 2502 1933 2581 venisset,
1965 2501 2246 2587 primum
2275 2499 2663 2587 Caepionem

256 2605 337 2671 de
380 2606 664 2672 oratione
707 2629 822 2673 sua
864 2607 1141 2687 sustulit,
1187 2630 1378 2693 quem
1426 2607 1498 2672 in
1549 2610 1776 2672 senatu
1818 2605 2117 2671 acerrime
2158 2604 2541 2684 nominarat,
2583 2609 2662 2674 ut

256 2713 591 2796 appareret
618 2713 870 2778 noctem
889 2715 955 2777 et
975 2715 1356 2776 nocturnam
1384 2709 1892 2797 deprecationem
1920 2709 2373 2775 intercessisse:
2405 2708 2659 2790 deinde,

250 2833 410 2897 quos
435 2811 507 2877 in
535 2817 761 2880 senatu
787 2836 870 2879 ne
897 2813 1269 2879 tenuissima
1290 2814 1551 2900 quidem
1578 2813 1931 2899 suspicione
1961 2813 2285 2898 attigerat,
2308 2834 2414 2878 eos
2441 2812 2649 2878 nomi-

254 2915 472 2982 navit:
518 2914 598 2981 L.
631 2915 999 2998 Lucullum,
1031 2940 1070 2982 a
1109 2940 1235 3004 quo
1274 2918 1534 2983 solitum
1577 2939 1709 2983 esse
1752 2918 1836 2982 ad
1877 2939 1943 2982 se
1985 2915 2159 2981 mitti
2202 2914 2274 2981 C.
2307 2915 2655 2997 Fannium,

257 3129 461 3181 ‘driven
504 3130 577 3181 off
612 3130 700 3181 the
740 3138 905 3196 stage:
928 3132 941 3155 ’
992 3147 1070 3195 op.
1111 3132 1396 3193 ἐκβάλλειν,

253 3195 508 3246 ἐκπίπτειν
539 3195 594 3245 of
626 3201 813 3245 actore:
862 3199 1099 3258 explosum
1131 3197 1175 3247 is
1208 3201 1221 3224 ‘
1236 3197 1403 3247 hissed

252 3258 362 3309 off)
430 3259 495 3310 In
522 3276 590 3310 or.
648 3277 703 3310 ro
726 3259 898 3317 Quint.
925 3263 1004 3323 62,
1026 3264 1218 3310 eiectum
1238 3261 1283 3312 is
1308 3269 1402 3312 ‘an

251 3325 483 3385 outcastss
510 3325 562 3374 in
641 3341 669 3376 e
691 3331 818 3375 mom
839 3326 1035 3389 general
1058 3342 1214 3377 sense.

317 3391 365 3438 3.
397 3390 772 3455 qladiatoribus]
847 3397 929 3440 ‘at
966 3391 1052 3440 the
1090 3390 1402 3455 gladiatorial

251 3453 391 3504 show
422 3455 571 3519 given
601 3454 672 3518 by
706 3454 981 3505 Gabinius!

317 3519 413 3568 Boe
445 3525 553 3568 erat
592 3521 645 3568 in
678 3537 733 3568 ea
773 3518 1015 3597 opinione]
1082 3519 1253 3570 Cicero
1282 3519 1400 3570 here

250 3581 392 3647 gives
432 3582 519 3633 the
558 3586 755 3646 μυωταὶ
794 3587 1073 3646 impr-maon
1121 3586 1272 3635 about
1314 3584 1401 3635 the

250 3647 760 3765 aemes.
796 3648 1400 3776 {gasaw

249 3776 403 3842 cially
424 3794 479 3827 as
507 3777 572 3828 he
599 3778 689 3828 has
718 3778 930 3843 nothing
950 3785 1002 3829 to
1025 3778 1143 3843 gain
1168 3780 1237 3842 by
1258 3778 1284 3827 f
1360 3778 1400 3818 '-

250 3840 398 3906 fying
426 3842 513 3892 the
543 3848 739 3894 matter.
818 3843 918 3893 For
947 3843 1034 3893 the
1064 3843 1314 3907 pleonasm
1345 3842 1400 3893 in

251 3907 306 3954 in
322 3922 378 3955 sa
393 3908 612 3968 opinione
626 3914 681 3956 ut
689 3913 943 3970 putarent,
970 3923 1051 3957 see
1068 3907 1237 3957 Madv.
1254 3908 1394 3957 481b.

250 3968 375 4021 This
394 3970 642 4034 pleonasm
671 3972 925 4038 generally
945 3971 1169 4022 involves
1198 3970 1284 4022 the
1310 3987 1399 4023 use

250 4034 306 4085 of
320 4050 455 4086 some
470 4043 582 4099 part
597 4036 837 4100 ossam-e,
856 4038 1251 4101 e.g.fa0icndum
1272 4038 1399 4086 mihi

240 4102 438 4162 putavi,
461 4106 517 4149 ut
541 4137 556 4151 .
584 4137 598 4149 .
628 4137 641 4151 .
666 4117 739 4151 res
913 4118 985 4151 em
1005 4101 1166 4165 (Fam.
1184 4101 1259 4151 iii.
1279 4103 1325 4160 8,
1348 4102 1394 4166 1)

244 4165 558 4279 suvitucwfeci
585 4172 641 4215 ut
670 4182 696 4215 e
727 4173 894 4215 unctu
924 4168 1131 4216 etiosa-om
1161 4165 1256 4232 (De
1280 4166 1395 4216 Sen-

245 4229 349 4293 42).
475 4245 502 4280 e
524 4228 653 4282 have
675 4247 706 4281 a
726 4246 849 4295 very
870 4229 1056 4281 similar
1075 4231 1325 4294 pleonasm
1345 4237 1400 4282 to

244 4293 332 4345 the
350 4300 551 4358 present
569 4294 625 4344 in
645 4294 768 4360 Leg.
794 4295 933 4346 Man.
961 4298 1040 4358 38,
1061 4301 1171 4345 tum
1195 4295 1397 4347 facilius

243 4361 468 4408 statuetis
498 4359 618 4424 quid
650 4361 782 4423 apud
814 4366 1007 4411 exteras
1036 4361 1264 4412 nationes
1290 4359 1397 4411 fleri

242 4425 546 4474 existimetis.
614 4425 661 4473 A
698 4425 801 4476 still
840 4431 1065 4491 stronger
1102 4441 1212 4476 ease
1255 4425 1300 4476 is
1342 4425 1399 4475 in

244 4487 332 4539 the
375 4489 712 4555 fragmentary
754 4506 825 4540 or.
864 4506 958 4552 pro
1001 4492 1131 4541 Tull.
1167 4490 1248 4552 47,
1290 4489 1398 4541 Lex

238 4555 491 4615 mittit
512 4560 571 4604 ut
591 4554 754 4605 furem
774 4560 925 4606 noctu
947 4556 1087 4605 liceat
1108 4554 1343 4606 occidere.

1571 3131 1627 3189 Q.
1651 3130 1894 3197 Catulum]
1946 3129 2142 3192 Caesar,
2163 3130 2216 3180 in
2235 3130 2650 3196 hispraetorship,

1503 3198 1596 3246 692
1635 3197 1763 3258 (b.c.
1791 3199 1891 3259 62),
1934 3195 2033 3245 had
2070 3196 2331 3246 forbidden
2366 3196 2571 3247 Catulus
2604 3203 2658 3247 to

1500 3262 1680 3312 ascend
1732 3261 1819 3314 the
1871 3268 2033 3309 rostra
2087 3261 2237 3311 when
2294 3261 2502 3312 Catulus
2552 3277 2655 3312 was

1500 3325 1737 3390 speaking
1758 3325 1953 3390 against
1985 3324 2071 3375 the
2103 3326 2330 3389 proposal
2361 3332 2413 3376 to
2443 3327 2656 3377 transfer

1499 3397 1554 3441 to
1591 3390 1854 3454 Pompeius
1897 3391 2028 3440 from
2070 3389 2272 3440 himself
2316 3390 2402 3441 the
2445 3391 2559 3441 task
2597 3391 2660 3440 of

1501 3455 1780 3519 dedicating
1818 3453 1904 3506 the
1934 3454 2117 3505 rebuilt
2150 3456 2332 3520 temple
2370 3454 2426 3506 of
2455 3455 2655 3520 Jupiter

1502 3520 1826 3583 Capitolinus.

1563 3586 1666 3634 Hie
1698 3584 1803 3650 ille]
1873 3583 2039 3634 ‘Here
2069 3583 2134 3634 he
2166 3584 2272 3634 said
2303 3584 2557 3636 whatever
2587 3585 2654 3636 he

1500 3648 1739 3763 ἓνοτιίιιε)
1785 3649 2020 3712 pleased.’
2090 3649 2193 3699 But
2235 3648 2263 3699 I
2306 3649 2498 3701 believe
2540 3650 2653 3700 that

1544 3719 1629 3764 cot
1658 3714 1703 3763 is
1735 3712 1871 3778 right
1901 3713 1955 3762 in
1984 3713 2204 3777 reading,
2236 3729 2302 3764 on
2329 3714 2416 3764 the
2444 3730 2650 3779 sugges-

1499 3778 1606 3829 tion
1627 3779 1682 3829 of
1706 3777 1873 3838 Orelli,
1899 3780 2000 3827 Hic
2031 3781 2191 3827 omnia
2225 3780 2306 3827 illo
2333 3781 2421 3841 (se.
2448 3778 2652 3844 Caesar)

1499 3859 1620 3905 quae
1671 3845 1838 3905 voluit,
1888 3849 1901 3871 ‘
1919 3842 1984 3892 he
2037 3842 2143 3892 said
2196 3842 2492 3908 everything
2539 3843 2651 3894 that

1500 3906 1681 3958 Caesar
1699 3907 1919 3964 wished:
1947 3907 2068 3968 &c.;
2103 3907 2193 3957 but
2215 3906 2243 3957 I
2265 3907 2432 3958 would
2448 3908 2650 3972 explain

1499 3972 1579 4021 hie
1620 3972 1791 4023 ‘here'
1831 3972 1905 4035 (in
1942 3972 2026 4022 the
2065 3971 2262 4036 Rostra)
2301 3978 2389 4022 not
2424 3987 2479 4022 as
2523 3972 2650 4024 Boot

1497 4037 1631 4098 does,
1665 4038 1743 4086 Ιιίσ
1795 4053 1864 4088 sc.
1886 4036 2121 4100 Vettius).

1562 4103 1647 4165 qui
1662 4103 1778 4150 illuc
1852 4101 2138 4165 ‘ashaving
2154 4115 2290 4152 come
2306 4100 2649 4166 therapn'med

1498 4166 1595 4216 and
1629 4167 1824 4216 tutored
1851 4166 2040 4231 merely
2068 4166 2138 4232 (to
2166 4181 2309 4231 carry
2336 4171 2427 4216 out
2455 4165 2542 4217 the
2567 4166 2646 4216 in-

1498 4229 1766 4281 structions
1808 4230 1865 4280 of
1908 4231 2123 4295 Caesar),
2170 4231 2235 4280 he
2282 4231 2513 4281 removed
2559 4231 2650 4282 the

1497 4311 1641 4346 name
1662 4297 1720 4345 of
1736 4293 1915 4358 Caepio
1945 4295 2075 4345 from
2099 4294 2185 4344 the
2205 4294 2292 4345 list
2312 4295 2367 4345 of
2387 4297 2645 4360 suspects!

1562 4358 1766 4426 mem]
1831 4375 1862 4409 a
1899 4358 2012 4409 hint
2045 4358 2155 4409 that
2189 4359 2274 4409 the
2309 4358 2556 4410 influence
2591 4360 2649 4411 of

1500 4422 1730 4486 Servilia,
1770 4424 1969 4474 Brutus’
2011 4424 2217 4485 mother,
2261 4423 2358 4474 had
2400 4424 2650 4489 prevailed

1498 4489 1628 4540 with
1649 4488 1857 4541 Caesar:
1894 4489 1962 4538 cf.
1979 4487 2061 4539 for
2081 4497 2273 4548 neam,
2297 4489 2403 4539 Att.
2427 4490 2465 4540 i.
2495 4494 2570 4553 16,
2599 4493 2646 4541 6.

1563 4553 1730 4619 aquo]
1793 4553 2047 4604 ‘andthat
2068 4553 2294 4618 byhim.’
2352 4554 2648 4606 Theinflni·
