3229 5145
951 409 1101 474 ΕΡ.
1148 409 1427 475 LXIII.
1482 408 1716 495 (ATT.
1748 409 1895 474 III.
1933 410 2018 494 7.)
2571 408 2699 475 351

286 581 672 659 Brundusii,
704 582 760 648 si
788 585 950 648 esset
976 581 1229 648 licitum
1256 605 1374 668 per
1391 582 1794 668 nautas,-qui
1820 585 2269 668 tempestatem
2298 583 2701 668 praetermit-

285 694 422 754 tere
450 687 818 753 noluerunt.
910 686 1107 757 Quod
1134 686 1458 772 reliquum
1497 689 1613 766 est,
1654 689 1942 751 sustenta
1973 690 2058 766 te,
2097 708 2244 751 mea
2273 685 2597 767 Terentia,
2627 690 2704 752 ut

287 795 488 877 potes,
539 788 999 856 honestissime.
1088 787 1428 856 Viximus:
1490 788 1863 855 floruimus:
1926 812 2058 855 non
2105 789 2339 855 vitium
2390 794 2702 872 nostrum,

285 894 403 960 sed
452 892 659 959 virtus
706 897 926 959 nostra
977 915 1094 959 nos
1152 892 1424 959 adflixit.
1519 891 1866 959 Peooatum
1894 896 1990 958 est
2032 892 2308 974 nullum,
2367 892 2495 960 nisi
2532 895 2707 981 quod

289 1019 425 1065 non
482 1019 616 1063 una
674 996 960 1061 animam
1017 1018 1167 1063 oum
1225 995 1622 1062 ornamentis
1678 995 2025 1061 amisimus.
2116 994 2246 1062 Sed
2304 996 2359 1063 si
2406 995 2528 1063 hoo
2577 998 2708 1064 fuit

289 1099 513 1168 liberis
539 1099 777 1166 nostris
803 1099 1074 1188 gratius,
1119 1122 1238 1166 nos
1268 1100 1501 1181 vivere,
1549 1104 1778 1180 oetera,
1825 1121 2219 1185 quamquam
2265 1098 2533 1167 ferenda
2572 1122 2708 1167 non

293 1208 467 1284 sunt,
512 1202 815 1270 feramus.
903 1202 1115 1290 Atqui
1150 1225 1294 1289 ego,
1340 1204 1455 1289 qui
1483 1206 1550 1269 te
1588 1203 1919 1284 oonfirm0,
1962 1202 2098 1290 ipse
2134 1226 2240 1269 me
2267 1225 2402 1269 non
2429 1216 2706 1290 possum.

294 1309 359 1372 6.
407 1306 708 1373 Clodium
728 1306 1235 1389 Philhetaerum,
1268 1309 1442 1394 quod
1460 1306 1833 1373 valetudine
1862 1307 2193 1373 ooulorum
2219 1306 2710 1394 impediebatur,

297 1409 628 1477 hominem
669 1409 946 1490 fidelem,
993 1411 1229 1477 remisi.
1320 1410 1667 1477 Sallustius
1714 1409 1919 1477 offioio
1967 1410 2182 1477 vinoet
2222 1432 2464 1477 omnes.
2552 1410 2707 1477 Pes-

292 1513 559 1580 oennius
627 1517 725 1579 est
782 1513 1243 1601 perbenevolus
1309 1513 1535 1581 nobis:
1607 1536 1802 1600 quem
1860 1536 2110 1600 semper
2166 1536 2347 1600 spero
2416 1514 2516 1581 tui
2573 1514 2711 1581 fore

292 1616 761 1684 observantem.
874 1617 1021 1684 Sioa
1055 1617 1308 1685 dixerat
1336 1640 1405 1685 se
1441 1640 1697 1684 meoum
1725 1617 1884 1699 fore,
1929 1619 2043 1685 sed
2069 1617 2442 1684 Brundusio
2481 1617 2708 1687 disoes·

294 1720 401 1787 sit.
491 1719 683 1799 Cura,
725 1720 899 1806 quod
925 1724 1128 1807 potes,
1165 1724 1242 1787 ut
1269 1720 1504 1803 valeas,
1547 1724 1613 1788 et
1643 1721 1733 1787 sio
1760 1721 2106 1802 existimes,
2135 1744 2242 1787 me
2269 1721 2712 1789 vehementius

294 1831 413 1891 tua
440 1822 697 1889 miseria
724 1846 921 1909 quam
948 1847 1093 1890 mea
1135 1825 1542 1891 oommoveri.
1627 1824 1783 1890 Mea
1811 1823 2136 1905 Terentia,
2179 1824 2488 1890 fidissima
2515 1828 2709 1911 atque

294 1926 544 2015 optima
569 1948 752 2007 uxor,
783 1932 848 1994 et
876 1951 1020 1994 mea
1047 1928 1371 1995 carissima
1398 1927 1600 1994 filiola
1637 1930 1703 1994 et
1736 1950 1879 2014 spes
1905 1928 2153 2014 reliqua
2181 1932 2418 2008 nostra,
2465 1927 2706 2009 Cioero,

298 2029 527 2097 valete.
617 2028 837 2098 Pridie
866 2031 1200 2099 Kalendas
1227 2030 1442 2098 Maias
1470 2030 1840 2098 Brundisio.

2155 2200 2194 2265 0

586 2319 862 2389 LXIII.
951 2318 1069 2386 ΤΟ
1117 2316 1541 2399 ATTIOUS,
1586 2339 1664 2384 m
1709 2317 1916 2384 Roma
1966 2317 2159 2404 (ΑΠ’.
2192 2339 2298 2383 111.
2331 2320 2412 2405 7).

648 2494 1120 2555 BRUNnusnm,
1151 2495 1217 2539 A.
1242 2494 1311 2540 U.
1336 2494 1391 2539 c.
1425 2493 1559 2552 6963
1608 2493 1669 2538 Β.
1693 2493 1746 2537 e.
1782 2492 1883 2551 583
1929 2492 2077 2536 ΛΒΤ.
2100 2491 2221 2536 010.
2253 2490 2338 2538 48.

401 2651 476 2701 M.
510 2648 684 2701 Cioero
713 2647 887 2700 scribit
916 2663 969 2699 se
1000 2645 1338 2698 Brundusium
1368 2645 1564 2699 venisse
1584 2646 1647 2696 de
1674 2644 1836 2696 causis
1865 2660 2014 2710 quam
2040 2644 2103 2695 ob
2129 2660 2235 2695 rem
2265 2644 2321 2695 in
2349 2644 2559 2710 Epirum
2583 2645 2713 2698 nolit

302 2734 551 2795 accedere,
588 2732 649 2782 de
680 2730 891 2783 miseriis
928 2729 1047 2792 suis,
1088 2731 1150 2780 de
1184 2729 1367 2794 exigua
1398 2744 1485 2794 spe
1522 2726 1767 2778 libertatis
1800 2725 2043 2791 publicae,
2084 2727 2146 2778 de
2181 2724 2370 2778 incerto
2406 2726 2598 2779 itineris
2630 2727 2713 2780 sui

301 2831 469 2866 cursu.

1126 2960 1389 3018 CICERO
1428 2958 1691 3015 ATTICO
1728 2957 1882 3014 SAL.

440 3104 500 3169 1.
546 3100 993 3168 Brundusium
1036 3099 1187 3165 veni
1231 3122 1287 3166 a.
1335 3100 1399 3166 d.
1442 3119 1568 3164 xnr
1612 3096 1767 3164 Kal.
1814 3096 2045 3163 Maias.
2135 3095 2238 3162 Eo
2268 3097 2372 3164 die
2400 3099 2585 3183 pueri
2611 3100 2714 3166 tui

307 3205 473 3274 mihi
501 3227 541 3271 a
566 3209 634 3272 te
661 3203 910 3270 litteras
947 3202 1387 3283 reddiderunt,
1432 3207 1499 3269 et
1533 3201 1647 3267 alii
1676 3201 1862 3288 pueri
1888 3203 2035 3287 post
2066 3199 2240 3267 diem
2274 3202 2541 3267 tertium
2575 3202 2715 3271 eius

310 3310 442 3378 diei
467 3308 627 3375 alias
653 3307 904 3373 litteras
944 3305 1323 3372 attulerunt.
1434 3304 1630 3378 Quod
1657 3326 1762 3371 me
1789 3325 1980 3392 rogas
2011 3309 2080 3371 et
2104 3302 2399 3385 hortaris,
2434 3310 2511 3371 ut
2539 3308 2714 3394 apud

311 3418 378 3482 te
415 3414 489 3480 in
515 3411 721 3500 Epiro
748 3411 890 3490 sim,
921 3410 1220 3475 voluntas
1246 3414 1363 3475 tua
1387 3408 1552 3476 mihi
1578 3408 1768 3475 valde
1796 3412 1986 3496 grata
2012 3411 2109 3474 est
2136 3412 2203 3475 et
2229 3409 2496 3477 minime
2523 3432 2710 3478 nova.

313 3516 506 3585 Eaee‘c
543 3513 879 3582 eonsilium
920 3512 1084 3579 mihi
1120 3512 1382 3598 quidem
1420 3515 1718 3599 optatum
1754 3511 1809 3578 si
1845 3511 2065 3579 lioeret
2104 3511 2201 3579 ibi
2236 3535 2426 3581 omne
2462 3518 2718 3602 tempus

315 3617 878 3688 oonsumere—odi
919 3616 1094 3683 enim
1122 3613 1574 3695 celebritatem,
1614 3613 1803 3702 fugio
1829 3613 2142 3697 homines,
2185 3615 2397 3682 luoem
2439 3617 2717 3704 aspioere

314 3725 427 3791 vix
467 3744 748 3812 possum,
791 3723 955 3788 esset
994 3716 1160 3785 mihi
1199 3717 1325 3785 ista
1366 3716 1665 3799 solitudo,
1708 3718 2084 3805 praesertim
2125 3722 2263 3785 tam
2297 3718 2604 3787 familiari
2644 3721 2717 3787 in

385 3912 433 3960 5.
472 3907 809 3974 summatem]
893 3903 1268 3958 ‘afavmirable
1286 3902 1463 3968 wind‚’
1566 3907 1741 3971 quotes
1772 3906 1899 3968 quod
1930 3906 2130 3970 poteris,
2156 3905 2264 3955 Att.
2301 3921 2355 3954 x.
2394 3907 2443 3966 2,
2481 3905 2543 3972 ἧς
2597 3911 2723 3970 Μ

324 3974 520 4040 usually
543 3982 593 4024 tr
687 3976 893 4023 uillitaae.
937 4034 950 4048 ·
1023 4035 1036 4048 ο
1064 4034 1078 4048 .
1566 3972 1671 4047 effus
1690 3969 1856 4020 faeere
1875 3970 2109 4046 potueris,
2148 3969 2290 4020 Fam.
2316 3967 2391 4019 iii.
2419 3972 2467 4032 2,
2495 3973 2553 4032 2;
2591 3975 2718 4034 quod

388 4108 418 4153 6
475 4042 687 4155 Gladim
770 4041 886 4153 ‘13:³5
905 4118 960 4152 as
975 4033 1470 4151 welffis’Peooennius
1567 4049 1680 4151 ἷξε.
1708 4098 1763 4150 ii.
1786 4101 1815 4153 7
1855 4102 1884 4150 3
1897 4035 2718 4164 pogeg,va1:8t.fix'1².·1l23,p4ffi.¹la‹}d

324 4141 435 4219 and·
450 4169 731 4230 Sallustius,
754 4140 1124 4232 was’probably
1154 4181 1185 4216 a
1214 4164 1472 4215 freedman
1732 4230 1744 4242 ·
1818 4136 1833 4162 '
1886 4138 1918 4242 ’⁹
2046 4230 2057 4242 ι
2148 4227 2162 4241 .
2215 4137 2230 4163 ’
2315 4227 2328 4241 ·
2360 4137 2373 4160 ⁹

326 4233 383 4285 of
401 4233 587 4285 Cicero.
1642 4232 1686 4279 1.
1724 4244 1778 4278 m
1799 4227 1976 4295 Epora]
2039 4244 2120 4279 m.
2144 4245 2202 4279 m
2221 4228 2464 4280 Atuous's
2483 4234 2718 4298 property

390 4296 710 4364 mmsore]
776 4313 839 4347 εο.
865 4294 921 4345 in
942 4295 1163 4346 Graecia.
1572 4298 1627 4346 at
1649 4293 1964 4345 Buthrotum.

392 4366 518 4427 quod
528 4363 687 4430 potes]
736 4361 880 4412 Some
901 4361 1011 4411 edd.
1033 4359 1199 4411 would
1219 4357 1338 4409 here
1358 4359 1477 4410 read
1639 4360 1776 4409 Eme
1796 4361 2043 4409 eonsilium
2126 4357 2219 4409 See
2239 4357 2371 4409 Adn.
2397 4357 2522 4411 Crit.

331 4430 485 4491 quoad
496 4435 659 4490 potas,-
689 4425 783 4478 but
797 4428 1060 4490 quodpom
1073 4425 1119 4476 is
1133 4422 1323 4501 usedin
1336 4424 1478 4490 quite
1640 4425 1685 4472 ei
1705 4425 1862 4472 liceret
1898 4487 1910 4499 .
1949 4422 1998 4473 if
2117 4423 2396 4500 preseribed
2415 4423 2636 4477 distance
2668 4425 2726 4479 of

330 4492 416 4545 the
436 4509 570 4545 same
589 4508 747 4545 sense.
816 4491 881 4543 In
902 4490 1047 4556 proof
1060 4489 1116 4542 of
1134 4489 1255 4554 thu,
1294 4488 1474 4540 Hofm.
1578 4489 1676 4538 400
1698 4486 1841 4539 miles
1967 4493 2058 4539 not
2082 4487 2265 4540 forbid.
