3229 5145
544 476 676 540 266
1259 479 1406 543 ΕΡ.
1454 478 1683 544 XXX.
1735 477 1841 563 (Q.
1875 478 2014 543 FB.
2046 477 2109 544 Ι.
2141 479 2233 564 1.)

544 648 784 715 Omnes
827 649 1019 731 enim,
1066 649 1179 737 qui
1221 649 1410 716 istinc
1451 651 1743 732 veniunt,
1794 651 1890 718 ita
1944 651 2030 717 de
2083 654 2201 716 tua
2242 649 2509 730 virtute,
2554 649 2959 736 integritate,

544 752 945 819 humanitate
989 759 1503 834 commemorant,
1550 759 1626 820 ut
1675 755 1747 820 in
1795 754 1927 821 tuis
1968 754 2237 820 summis
2276 752 2581 820 laudibus
2623 751 2959 839 excipiant

544 877 742 921 unam
790 857 1208 923 iracundiam.
1303 857 1499 929 Quod
1538 858 1771 924 vitium
1817 879 1964 924 cum
2011 856 2084 922 in
2133 855 2256 922 hac
2304 856 2559 943 privata
2601 854 2960 922 cotidianae

542 981 667 1044 que
693 958 831 1024 vita
856 960 1015 1025 levis
1054 982 1186 1027 esse
1225 962 1427 1027 animi
1464 965 1658 1047 atque
1695 960 1939 1027 infirmi
1968 960 2243 1040 videtur,
2286 962 2430 1025 tum
2457 981 2610 1025 vero
2649 957 2826 1023 nihil
2861 960 2959 1023 est

541 1067 677 1126 tam
713 1062 999 1128 deforme
1037 1085 1231 1150 quam
1268 1065 1352 1129 ad
1391 1086 1714 1131 summum
1747 1063 2092 1150 imperium
2133 1062 2334 1129 etiam
2378 1060 2797 1129 acerbitatem
2839 1081 2962 1131 na-

544 1168 727 1230 turae
756 1165 1127 1252 adiungere.
1219 1167 1368 1239 Qua
1394 1190 1463 1233 re
1492 1168 1660 1234 illud
1694 1189 1828 1234 non
1868 1166 2229 1253 suscipiam,
2259 1170 2354 1246 ut,
2386 1187 2553 1252 quae
2582 1165 2666 1230 de
2694 1164 2960 1231 iracun-

543 1268 651 1332 dia
694 1267 821 1334 dici
878 1269 1085 1335 solent
1140 1292 1180 1335 a
1237 1269 1616 1337 doctissimis
1676 1269 2063 1350 hominibus,
2109 1291 2186 1335 ea
2228 1291 2401 1334 nunc
2443 1267 2568 1335 tibi
2611 1288 2960 1354 exponam,

544 1392 691 1436 cum
729 1375 795 1436 et
832 1371 1027 1437 nimis
1065 1372 1302 1458 longus
1339 1396 1472 1439 esse
1515 1375 1720 1440 nolim
1750 1378 1817 1440 et
1855 1396 1937 1440 ex
1974 1374 2335 1439 multorum
2369 1371 2624 1456 scriptis
2653 1393 2731 1437 ea
2763 1370 2959 1437 facile

543 1473 743 1558 possis
785 1496 1199 1562 cognoscere;
1259 1476 1444 1555 illud,
1490 1478 1664 1562 quod
1707 1480 1804 1543 est
1848 1476 2153 1561 epistolae
2198 1475 2552 1562 proprium,
2612 1479 2691 1540 ut
2733 1475 2815 1554 is,
2877 1474 2965 1540 ad

544 1599 736 1661 quem
769 1578 1083 1659 scribitur,
1115 1580 1196 1645 de
1222 1579 1303 1645 iis
1330 1579 1538 1660 rebus,
1585 1602 1747 1666 quas
1774 1580 2052 1666 ignorat,
2098 1580 2330 1645 certior
2358 1579 2494 1659 fiat,
2540 1578 2960 1665 praetermit-

548 1682 818 1748 tendum
869 1704 1002 1750 esse
1047 1705 1179 1749 non
1237 1687 1414 1768 puto.
1523 1685 1628 1748 38.
1692 1682 1799 1750 Sic
1844 1685 1928 1749 ad
1978 1704 2096 1749 nos
2141 1704 2369 1749 omnes
2420 1682 2556 1748 fere
2605 1681 2960 1748 deferunt:

551 1784 737 1866 nihil,
783 1808 932 1852 cum
977 1784 1143 1851 absit
1177 1784 1529 1866 iracundia,
1575 1788 1783 1853 dicere
1831 1786 2038 1853 solent
2082 1791 2147 1851 te
2186 1786 2327 1851 fieri
2367 1808 2551 1871 posse
2589 1786 2964 1863 iucundius,

547 1888 660 1953 sed
719 1910 865 1954 cum
923 1893 992 1954 te
1057 1889 1325 1956 alicuius
1364 1889 1745 1976 improbitas
1787 1890 2293 1975 perversitasque
2363 1888 2807 1968 commoverit,
2874 1890 2966 1955 sic

544 1998 609 2056 te
649 1991 866 2058 animo
893 1992 1167 2073 incitari,
1209 1998 1286 2059 ut
1318 1992 1401 2058 ab
1430 1993 1728 2059 omnibus
1756 1998 1872 2059 tua
1901 1991 2296 2058 desideretur
2323 1992 2717 2058 humanitas.
2813 1991 2968 2064 Qua

544 2118 610 2158 re
640 2095 944 2180 quoniam
971 2095 1041 2160 in
1071 2117 1214 2161 eam
1239 2096 1555 2162 rationem
1586 2097 1759 2162 vitae
1788 2120 1904 2162 nos
1933 2119 2065 2161 non
2095 2100 2233 2162 tam
2273 2096 2596 2182 cupiditas
2638 2096 2966 2181 quaedam

544 2198 784 2284 gloriae
828 2220 1025 2284 quam
1065 2222 1166 2264 res
1207 2201 1347 2285 ipsa
1389 2223 1463 2266 ac
1507 2201 1774 2266 fortuna
1816 2200 2105 2280 deduxit,
2151 2204 2228 2265 ut
2273 2198 2710 2285 sempiternus
2754 2220 2968 2265 sermo

544 2301 878 2367 hominum
908 2303 989 2368 de
1017 2301 1201 2368 nobis
1228 2304 1488 2369 futurus
1516 2304 1619 2385 sit,
1658 2326 2010 2383 caveamus,
2058 2308 2381 2390 quantum
2410 2304 2657 2369 efficere
2703 2307 2772 2368 et
2813 2324 2966 2369 con·

545 2406 725 2491 sequi
763 2427 1100 2493 possumus
1129 2411 1206 2472 ut
1232 2430 1315 2473 ne
1354 2408 1526 2493 quod
1561 2407 1634 2472 in
1673 2405 1859 2473 nobis
1886 2407 2143 2493 insigne
2172 2406 2407 2472 vitium
2448 2405 2650 2471 fuisse
2685 2405 2964 2472 dicatur.

549 2508 779 2597 Neque
822 2532 944 2599 ego
981 2532 1156 2577 nunc
1183 2512 1303 2578 hoc
1340 2512 1674 2592 contend0,
1720 2511 1894 2598 quod
1923 2509 2192 2577 fortasse
2235 2532 2382 2576 cum
2410 2509 2484 2575 in
2515 2507 2698 2576 omni
2725 2510 2970 2576 natura

545 2621 686 2680 tum
713 2615 845 2680 iam
872 2616 944 2681 in
972 2619 1192 2681 nostra
1233 2620 1443 2681 aetate
1485 2614 1742 2682 difficile
1785 2619 1902 2695 est,
1945 2617 2198 2680 mutare
2244 2614 2537 2678 animum
2581 2616 2669 2693 et,
2716 2612 2776 2678 si
2805 2613 2970 2699 quid

547 2724 641 2783 est
670 2718 926 2805 penitus
952 2718 1220 2785 insitum
1248 2717 1548 2798 moribus,
1593 2718 1667 2784 id
1706 2717 1917 2784 subito
1956 2716 2246 2797 evellere,
2286 2718 2399 2782 sed
2432 2721 2501 2782 te
2529 2716 2701 2782 illud
2736 2717 2967 2783 admo-

556 2844 693 2901 neO,
721 2826 817 2902 ut,
848 2823 903 2887 si
931 2821 1050 2888 hoc
1077 2822 1266 2909 plene
1295 2822 1498 2888 vitare
1527 2842 1659 2887 non
1687 2825 1888 2908 potes,
1934 2820 2110 2906 quod
2139 2823 2290 2885 ante
2322 2824 2673 2906 occupatur
2703 2819 2970 2886 animus

549 2923 630 2988 ab
679 2925 1013 2991 iracundia
1056 2947 1253 3011 quam
1294 2925 1628 3011 providere
1676 2924 1841 2991 ratio
1891 2923 2105 3010 potuit
2144 2945 2229 2990 ne
2277 2927 2720 3009 occuparetur,
2776 2928 2856 2989 ut
2899 2927 2968 2989 te

548 3031 699 3092 ante
748 3049 1072 3114 compares
1136 3028 1491 3113 cotidieque
1536 3028 1845 3094 meditere
1895 3027 2327 3093 resistendum
2380 3048 2515 3092 esse
2559 3026 2966 3107 iracundiae,

547 3151 817 3215 cumque
854 3153 932 3196 ea
973 3131 1254 3197 maxime
1296 3133 1586 3198 animum
1626 3135 1898 3210 moveat,
1937 3133 2081 3196 tum
2116 3129 2239 3195 tibi
2277 3151 2412 3194 esse
2457 3129 2968 3216 diligentissime

548 3232 843 3320 linguam
903 3234 1397 3301 continendam:
1468 3256 1633 3320 quae
1683 3234 1946 3319 quidem
1988 3231 2154 3298 mihi
2196 3232 2401 3297 virtus
2444 3232 2780 3299 interdum
2827 3255 2967 3299 non

554 3336 762 3402 minor
788 3337 1045 3402 videtur
1072 3360 1269 3424 quam
1296 3338 1556 3405 omnino
1584 3360 1717 3404 non
1747 3337 1952 3403 irasci.
2042 3335 2220 3402 Nam
2247 3334 2414 3400 illud
2443 3340 2541 3401 est
2580 3357 2717 3401 non
2749 3336 2969 3403 solum

548 3440 903 3524 gravitatis,
935 3441 1046 3506 sed
1073 3464 1206 3508 non
1236 3463 1591 3528 numquam
1626 3441 1822 3508 etiam
1854 3438 2299 3514 lentitudinis3
2347 3439 2673 3505 moderari
2702 3462 2860 3506 vero
2898 3445 2968 3507 et

548 3542 763 3608 animo
806 3549 872 3609 et
914 3545 1209 3625 orationi,
1254 3568 1401 3611 cum
1444 3546 1530 3610 sis
1571 3545 1794 3624 iratus,
1855 3549 1970 3610 aut
2018 3543 2216 3609 etiam
2258 3547 2469 3607 tacere
2513 3546 2581 3607 et
2618 3546 2847 3609 tenere
2891 3544 2966 3609 in

548 3669 663 3712 sua
689 3652 1005 3733 potestate
1033 3652 1281 3714 motum
1310 3648 1511 3714 animi
1541 3652 1607 3713 et
1628 3648 1931 3725 dolorem,
1977 3646 2099 3712 etsi
2127 3668 2261 3712 non
2290 3651 2387 3711 est
2415 3645 2746 3732 perfectae
2789 3647 2964 3734 sapi·

544 3751 773 3833 entiae,
803 3756 1022 3818 tamen
1052 3755 1149 3817 est
1175 3773 1306 3817 non
1335 3751 1671 3817 mediocris
1696 3750 1963 3837 ingenii.
2056 3750 2163 3815 39.
2209 3748 2433 3834 Atque
2461 3750 2535 3814 in
2565 3750 2689 3816 hoc
2718 3771 2965 3837 genere

549 3854 751 3919 multo
795 3860 860 3920 te
911 3876 1045 3921 esse
1085 3854 1219 3919 iam
1261 3854 1753 3920 commodiorem
1795 3854 2242 3939 mitioremque
2285 3853 2620 3919 nuntiant.
2711 3852 2970 3920 Nullae

614 4053 739 4101 illud
773 4089 784 4101 .
823 4089 835 4102 .
877 4088 890 4101 .
926 4052 1075 4127 illud]
1141 4058 1155 4081 ‘
1170 4067 1263 4101 one
1294 4050 1427 4114 topic
1482 4058 1537 4101 ut
1573 4088 1586 4101 .
1626 4087 1641 4101 .
1681 4090 1694 4102 .
1802 4054 1816 4079 ‘
1835 4052 1910 4102 To
1936 4051 2084 4102 avoid
2104 4053 2318 4130 showing
2344 4067 2500 4115 anger
2520 4054 2752 4130 deservps
2780 4053 2966 4104 almost

549 4119 793 4192 exponam)
828 4115 856 4165 1
890 4117 996 4165 w111
1026 4121 1114 4192 not
1144 4121 1287 4165 enter
1314 4131 1379 4165 on
1405 4131 1417 4176 ;
1498 4123 1557 4166 nt
1587 4117 1698 4167 that
1797 4133 1852 4168 as
1889 4117 2040 4167 much
2109 4132 2327 4192 ¹210er
2360 4123 2451 4166 not
2483 4122 2539 4167 to
2558 4119 2666 4181 sod
2689 4119 2774 4167 it!
2859 4118 2966 4168 But

550 4180 924 4311 Y'P‘sshflzthf
952 4180 1333 4295 stifft&
1366 4196 1404 4293 ‘i
1437 4181 1605 4309 1ἒὲῗῶ
1622 4185 1699 4296 (ἴὲ
1798 4183 1877 4296 ἓξ
1903 4182 2081 4309 1323)(
2094 4180 2214 4296 «ιέἔὲ
2235 4197 2326 4295 ἑζὶ
2335 4184 2470 4295 ῗὲὲιζ
2485 4182 2556 4296 ¹32:
2570 4198 2720 4297 ''men‘'
2655 4184 2967 4301 mffiehffl

549 4309 838 4373 pretermit’
908 4307 998 4372 Cp,
1026 4309 1165 4359 Fam.
1190 4307 1247 4357 ii.
1275 4312 1323 4367 4,
1352 4312 1394 4356 1.
1797 4309 2160 4371 initselfasim
2186 4311 2283 4359 and
2304 4309 2967 4364 vithhimisButlerinhis

617 4376 697 4423 38.
734 4381 789 4422 ut
810 4372 892 4449 ne]
962 4373 1038 4423 cf.
1057 4372 1164 4422 Att.
1180 4371 1255 4421 iii.
1277 4375 1355 4433 10,
1371 4372 1457 4421 fin.
1482 4379 1537 4421 ut
1555 4390 1697 4436 pror-
1798 4390 1992 4425 sermon
2008 4392 2075 4425 cn
2089 4375 2432 4425 Resentment.
2486 4375 2554 4425 So
2570 4376 2678 4426 also
2698 4376 2964 4440 Afistoue,

555 4454 635 4486 sus
655 4454 713 4485 ne
732 4439 852 4500 quid
872 4452 1098 4499 tqnorem.
1797 4439 1944 4489 when
1965 4439 2029 4490 he
2049 4440 2219 4490 makes
2240 4440 2490 4503 ἆοργησία
2509 4456 2578 4490 an
2600 4442 2849 4502 ἔλλειψις.

614 4509 670 4550 ut
696 4539 708 4550 .
738 4538 751 4551 .
780 4536 793 4549 .
818 4499 899 4566 ut]
966 4501 1056 4615 Οἱ).
1080 4500 1195 4550 Liv.
1218 4499 1291 4550 iii.
1318 4503 1396 4550 64.
1860 4503 2188 4570 lentitudinis]
2250 4507 2309 4554 ‘a
2330 4504 2626 4569 lymphatic,
2653 4505 2972 4570 phlegmatis

612 4581 733 4629 quae
765 4602 778 4614 .
819 4601 833 4614 .
872 4601 885 4615 .
919 4569 987 4616 mi
1022 4568 1218 4615 ivirtue
1252 4602 1264 4615 .
1305 4602 1318 4615 .
1355 4600 1370 4616 .
1405 4565 1694 4633 noueram]
1793 4568 2017 4628 temper)
