3229 5145
484 477 613 541 398
1055 475 1203 540 ΕΡ.
1251 474 1655 542 LXXXIV.
1710 473 1954 557 (ΒΑΜ.
1986 472 2192 541 XIV.
2223 472 2314 555 3.)

483 649 658 734 quod
704 647 974 726 laboras,
1022 646 1095 712 id
1137 646 1301 713 mihi
1346 669 1521 712 nunc
1571 645 1957 711 facillimum
2004 649 2121 725 est,
2172 668 2365 731 quem
2411 645 2607 711 etiam
2650 644 2902 711 inimici

483 752 713 817 volunt
760 752 974 817 vivere
1030 752 1101 816 in
1159 749 1264 815 his
1321 749 1521 816 tantis
1577 748 1869 815 miseriis.
1959 747 2110 835 Ego
2165 732 2387 813 tamen
2443 747 2676 813 faciam
2732 770 2901 834 quae

481 855 810 940 praecipis.
929 853 1178 920 Amicis
1250 852 1483 938 quibus
1532 852 1795 918 voluisti
1866 852 1974 937 egi
2038 851 2301 938 gratias,
2363 856 2428 917 et
2484 873 2592 917 eas
2649 851 2901 917 litteras

481 957 784 1044 Dexippo
843 958 1012 1037 dedi,
1072 979 1301 1043 meque
1376 957 1457 1022 de
1521 976 1745 1022 eorum
1802 955 2007 1022 officio
2066 954 2290 1041 scripsi
2346 977 2387 1019 a
2441 958 2509 1021 te
2566 955 2900 1021 certiorem

481 1084 613 1126 esse
658 1062 918 1126 factum.
1031 1060 1334 1126 Pisonem
1389 1063 1684 1126 nostrum
1739 1058 2008 1125 mirifico
2072 1081 2206 1124 esse
2263 1059 2477 1125 studio
2526 1059 2600 1124 in
2656 1080 2777 1125 nos
2830 1063 2901 1125 et

481 1164 683 1230 officio
735 1168 801 1230 et
848 1186 968 1250 ego
1017 1163 1327 1250 perspicio
1375 1167 1441 1228 et
1487 1184 1708 1229 omnes
1751 1162 2144 1249 praedicant.
2251 1160 2344 1227 Di
2384 1161 2615 1241 faxint,
2659 1167 2736 1228 ut
2777 1162 2899 1229 tali

479 1290 715 1354 genero
772 1266 936 1333 mihi
990 1267 1311 1353 praesenti
1366 1270 1581 1331 tecum
1640 1265 1836 1331 simul
1893 1271 1959 1331 et
2018 1289 2165 1332 cum
2215 1264 2432 1331 liberis
2480 1264 2716 1330 nostris
2761 1265 2899 1331 frui

477 1370 705 1436 liceat!
796 1369 995 1436 Nunc
1038 1393 1179 1456 spes
1220 1369 1470 1455 reliqua
1512 1373 1608 1436 est
1651 1369 1724 1434 in
1762 1367 1947 1435 novis
1988 1368 2270 1435 tribunis
2313 1369 2402 1454 pl.
2450 1371 2516 1434 et
2557 1369 2628 1433 in
2671 1367 2898 1454 primis

478 1473 744 1560 quidem
792 1473 1053 1539 diebus:
1107 1495 1261 1538 nam
1309 1473 1364 1538 si
1405 1472 1802 1551 inveterarit,
1851 1476 2068 1538 actum
2120 1476 2232 1537 est.
2342 1475 2405 1537 4.
2452 1470 2556 1537 Ea
2592 1494 2664 1538 re
2709 1472 2795 1538 ad
2828 1476 2897 1539 te

480 1576 702 1642 statim
759 1576 1216 1642 Aristocritum
1275 1575 1445 1655 misi,
1503 1580 1581 1642 ut
1640 1576 1726 1640 ad
1782 1597 1889 1641 me
1946 1575 2253 1641 continuo
2310 1574 2502 1640 initia
2557 1596 2774 1641 rerum
2829 1579 2900 1642 et

479 1680 796 1745 rationem
842 1680 1040 1745 totius
1086 1678 1334 1766 negotii
1383 1701 1596 1765 posses
1642 1678 1934 1758 scribere,
1988 1679 2107 1744 etsi
2153 1676 2456 1764 Dexippo
2508 1700 2760 1764 quoque
2802 1679 2900 1744 ita

482 1783 814 1870 imperavi,
863 1783 1083 1848 statim
1124 1780 1252 1848 huc
1285 1787 1361 1848 ut
1405 1788 1781 1862 recurreret,
1819 1787 1883 1847 et
1922 1782 2008 1846 ad
2048 1783 2312 1848 fratrem
2353 1780 2523 1862 misi,
2561 1787 2639 1847 ut
2682 1781 2901 1848 crebro

481 1885 849 1952 tabellarios
894 1886 1196 1951 mitteret.
1316 1884 1495 1951 Nam
1547 1907 1670 1971 ego
1721 1907 1797 1950 6ο
1843 1884 2107 1951 nomine
2164 1884 2315 1951 sum
2365 1882 2718 1970 Dyrrachii
2779 1884 2904 1952 hoc

483 1993 791 2075 tempore,
838 1993 916 2055 ut
966 2010 1161 2073 quam
1206 1988 1531 2054 celerrime
1581 1988 1742 2074 quid
1792 1992 2027 2075 agatur
2071 1988 2352 2068 audiam,
2422 1993 2488 2053 et
2537 2010 2681 2053 sum
2732 1993 2900 2067 tuto,

486 2092 711 2157 civitas
749 2092 924 2157 enim
966 2089 1123 2157 haec
1166 2114 1414 2177 semper
1452 2114 1492 2157 a
1529 2113 1635 2156 me
1679 2091 1946 2157 defensa
1988 2095 2106 2157 est.
2197 2090 2364 2156 Cum
2406 2091 2654 2156 inimici
2696 2093 2904 2158 nostri

484 2196 704 2261 venire
743 2196 1054 2275 dicentur,
1085 2201 1229 2260 tum
1262 2194 1333 2260 in
1364 2195 1643 2280 Epirum
1671 2194 1800 2260 ibo.
1893 2196 1955 2260 5.
2003 2193 2198 2265 Quod
2236 2194 2455 2259 scribis
2482 2199 2567 2274 te,
2599 2194 2654 2260 si
2682 2195 2902 2276 velim,

487 2299 572 2363 ad
615 2320 721 2363 me
768 2304 1125 2378 venturam,
1187 2321 1308 2384 ego
1357 2321 1529 2378 vem,
1584 2321 1732 2364 cum
1790 2298 1985 2363 sciam
2041 2320 2349 2384 magnam
2407 2302 2658 2383 partem
2716 2298 2906 2363 istius

488 2401 699 2466 oneris
736 2399 851 2466 abs
888 2406 954 2466 te
989 2402 1307 2481 sustineri,
1338 2407 1404 2467 te
1442 2401 1587 2467 istic
1616 2424 1749 2482 esse
1777 2402 1941 2467 vole.
2033 2400 2106 2466 Si
2144 2401 2447 2485 perficitis
2481 2401 2656 2485 quod
2685 2401 2904 2487 agitis,

485 2527 590 2570 me
620 2506 705 2569 ad
732 2527 844 2570 vos
871 2505 1088 2570 venire
1118 2509 1403 2593 oportet:
1451 2506 1551 2570 sin
1587 2503 2111 2570 autem—Sed
2143 2503 2312 2569 nihil
2342 2526 2502 2590 opus
2531 2508 2626 2568 est
2654 2504 2909 2591 reliqua

488 2608 775 2675 scribere.
866 2609 974 2674 Ex
1004 2610 1228 2695 primis
1257 2615 1371 2675 aut
1400 2632 1725 2675 summum
1758 2608 2052 2674 secundis
2080 2607 2312 2673 litteris
2348 2608 2479 2672 tuis
2517 2608 2907 2675 constituere

486 2713 838 2797 poterimus
866 2713 1024 2798 quid
1054 2712 1237 2778 nobis
1267 2712 1636 2778 faciendum
1666 2713 1767 2779 sit.
1860 2711 1966 2777 Tu
1992 2712 2183 2777 modo
2214 2712 2299 2776 ad
2326 2733 2430 2776 me
2458 2711 2654 2777 velim
2682 2713 2905 2778 omnia

491 2816 980 2901 diligentissime
1020 2815 1386 2903 perscribas,
1418 2815 1539 2881 etsi
1578 2817 1792 2902 magis
1829 2815 1961 2880 iam
2000 2837 2137 2880 rem
2180 2836 2375 2899 quam
2413 2814 2662 2880 litteras
2700 2814 2901 2882 debeo

490 2924 870 3005 exspectare.
964 2918 1135 2984 Oura
1174 2924 1250 2985 ut
1288 2920 1503 2985 valeas
1542 2922 1607 2985 et
1646 2918 1742 2985 ita
1777 2918 1901 2984 tibi
1945 2920 2347 3004 persuadeam,
2386 2917 2550 2983 mihi
2587 2923 2654 2983 te
2691 2919 2902 2984 carius

490 3022 657 3087 nihil
707 3046 840 3087 esse
885 3045 1003 3088 nec
1051 3045 1361 3107 umquam
1406 3022 1622 3088 fuisse.
1713 3021 1901 3103 Vale,
1953 3044 2099 3087 mea
2149 3020 2471 3100 Terentia,
2525 3043 2719 3107 quam
2775 3045 2898 3107 ego

491 3127 708 3191 videre
757 3126 995 3207 videor,
1048 3127 1266 3211 itaque
1318 3124 1617 3192 debilitor
1666 3126 1964 3193 lacrimis.
2054 3124 2243 3192 Vale.
2293 3124 2512 3190 Pridie
2563 3123 2899 3192 Kalendas

490 3228 893 3295 Decembres.

494 3422 609 3477 tam,
638 3417 727 3477 ita,
756 3422 876 3463 recte
893 3432 911 3464 .·
937 3431 1016 3465 see
1039 3414 1100 3472 Q.
1120 3415 1202 3464 Fr.
1220 3415 1254 3464 i.
1278 3418 1323 3478 2,
1353 3419 1411 3475 9;
1435 3415 1540 3467 Att.
1565 3416 1641 3466 iii.
1813 3418 1859 3465 5.
1885 3414 2063 3480 oneris]
2114 3415 2272 3465 called
2295 3416 2472 3464 labores
2492 3415 2664 3477 above,
2691 3418 2796 3467 Aet.
2819 3416 2895 3468 iii.

498 3484 573 3538 13,
622 3482 668 3541 2,
720 3480 819 3528 and
865 3485 1003 3530 notes
1055 3480 1276 3530 thereon.
1363 3479 1460 3531 We
1514 3481 1646 3532 have
1750 3484 1827 3543 15,
1859 3482 1904 3539 7,
1934 3480 2049 3529 ‘the
2081 3480 2255 3529 labour
2285 3479 2340 3529 of
2369 3479 2604 3544 bringing
2633 3480 2785 3532 about
2814 3482 2896 3532 his

493 3544 700 3594 another
713 3560 823 3593 case
840 3545 894 3594 of
920 3552 1020 3593 tuto
1036 3562 1130 3593 esso
1148 3544 1204 3594 in
1225 3546 1247 3610 θ
1268 3549 1315 3606 4,
1343 3546 1441 3594 and
1462 3545 1516 3594 in
1531 3548 1642 3596 Att.
1745 3545 2074 3596 restoration!
2144 3547 2284 3605 Istic,
2311 3544 2366 3593 in
2387 3545 2560 3594 Rome.

494 3609 600 3658 xiv.
625 3613 704 3669 20,
735 3613 779 3670 3,
818 3612 894 3658 cui
923 3612 967 3657 εἰ
995 3626 1086 3658 csse
1109 3612 1162 3658 in
1184 3611 1299 3658 urbe
1322 3616 1425 3658 tuto
1448 3612 1605 3659 licebit
1618 3629 1643 3671 ,·
1810 3614 1886 3659 ein
1903 3609 2086 3673 autem]
2143 3609 2205 3659 he
2222 3609 2358 3658 hints
2374 3609 2485 3659 that
2498 3609 2562 3659 116
2577 3609 2681 3659 will
2697 3611 2859 3661 destro

494 3675 592 3723 and
619 3691 649 3723 a
670 3673 858 3723 similar
878 3690 1029 3737 usage
1053 3674 1175 3723 with
1197 3674 1337 3724 other
1358 3675 1567 3725 adverbs
1587 3675 1645 3724 in
1743 3675 1945 3725 himself
1966 3675 2012 3724 if
2029 3675 2114 3723 the
2137 3680 2368 3737 attempta
2389 3680 2441 3724 to
2463 3682 2644 3724 restore
2660 3675 2765 3724 him
2839 3675 2852 3687 ⁰

495 3739 636 3788 Fam.
661 3740 764 3789 xvi.
796 3744 871 3814 10,
901 3743 945 3801 2,
983 3739 1244 3802 Pompeius
1266 3746 1369 3788 erat
1390 3740 1523 3803 apud
1542 3755 1638 3802 me,
1807 3740 1930 3805 rem]
2019 3742 2032 3766 ‘
2052 3754 2186 3789 some
2229 3739 2429 3789 definite
2471 3740 2660 3789 action’
2707 3739 2764 3789 in
2804 3756 2895 3806 my

490 3820 607 3853 cum
630 3803 752 3853 haec
774 3804 1060 3866 scribebam,
1087 3806 1244 3852 hilare
1265 3809 1315 3854 et
1339 3805 1551 3853 libenter.
1741 3805 1937 3855 favour.

548 3871 729 3930 primis
754 3906 767 3918 .
797 3905 808 3917 .
838 3906 851 3916 .
877 3868 1058 3944 dietus]
1135 3868 1226 3918 See
1247 3868 1344 3919 last
1363 3869 1526 3930 letter,
1535 3873 1636 3931 fin.
1807 3885 1949 3934 quam
1971 3884 2050 3931 eqo
2073 3871 2231 3917 videre
2250 3867 2431 3933 videor]
2507 3867 2587 3918 cf.
2614 3868 2756 3919 Fam.
2780 3868 2889 3919 xiv,

557 3932 862 3999 inveterarie]
936 3933 1007 3982 ‘if
1040 3940 1082 3983 1t
1110 3933 1171 3983 be
1205 3934 1414 3983 allowed
1445 3939 1498 3984 to
1529 3934 1640 3983 lan-
1742 3937 1790 3994 2,
1828 3938 1874 3997 3,
1910 3934 2034 3982 mihi
2067 3940 2176 3981 ante
2208 3935 2358 3982 oculos
2390 3936 2490 3982 dies
2517 3941 2755 3996 noctuquae
2786 3951 2892 3985 να·-

491 3996 676 4060 guish,’
706 4002 718 4025 ‘
734 4003 786 4047 to
806 3997 941 4062 hang
962 3997 1087 4048 fire.'
1148 3999 1422 4060 Refrixmt
1442 3998 1485 4047 is
1506 4014 1641 4048 more
1741 4002 1886 4047 saris.

488 4061 626 4111 often
652 4064 773 4111 used
794 4063 862 4126 by
886 4062 1055 4112 Cicero
1074 4061 1130 4111 in
1150 4062 1251 4111 this
1273 4078 1430 4112 sense.
1806 4064 2027 4113 debilitor
2042 4061 2280 4128 lacrimis]
2325 4061 2408 4112 cf.
2427 4065 2645 4127 corfieior
2660 4065 2888 4128 lacrimis,

555 4131 604 4175 4.
638 4143 743 4176 sum
765 4126 891 4193 tuto]
959 4127 1051 4177 See
1075 4126 1125 4176 1²
1147 4126 1358 4189 Introd.,
1384 4144 1433 4191 p.
1460 4127 1539 4180 71.
1743 4128 1885 4179 Fam.
1908 4129 2015 4178 xiv.
2042 4132 2090 4190 4,
2121 4131 2166 4177 1.
