3229 5145
536 448 666 512 256
1258 458 1404 522 ΕΡ.
1458 459 1681 523 XXX.
1733 460 1834 542 (Q.
1868 461 2009 525 ΓΕ.
2049 461 2110 526 Ι.
2145 462 2233 546 1.)

537 622 877 708 quisquam
936 624 1138 705 dabit,
1198 650 1345 695 cum
1404 632 1527 696 erit
1585 631 1706 698 hoc
1764 637 2190 719 perspectum,
2250 634 2418 700 nihil
2477 658 2594 722 per
2651 658 2781 717 eos,
2845 638 2958 723 qui

536 724 847 792 simulant
874 749 940 792 se
971 731 1146 814 apud
1165 736 1233 798 te
1253 734 1535 800 multum
1552 757 1753 821 posse,
1786 735 1901 802 abs
1928 742 1995 803 te
2024 738 2227 803 solere
2254 738 2608 824 impetrari.
2678 741 2784 805 14.
2816 739 2962 808 Νοο

534 832 752 894 tamen
782 829 941 896 haec
961 834 1169 900 oratio
1197 857 1345 902 mea
1384 843 1481 903 est
1510 839 1649 904 eius
1677 840 1879 919 modi,
1922 845 1999 907 ut
2027 845 2092 906 te
2124 841 2194 905 in
2226 845 2372 907 tuos
2402 846 2519 908 aut
2547 843 2792 909 durum
2822 866 2960 911 esse

535 930 812 997 nimium
852 938 964 1000 aut
1006 938 1418 1023 suspitiosum
1459 941 1674 1007 velim.
1778 941 1958 1009 Nam
2001 944 2057 1009 si
2096 944 2242 1029 quis
2280 948 2378 1010 est
2417 967 2642 1011 eorum
2679 947 2796 1032 qui
2835 946 2962 1015 tibi

533 1033 780 1100 biennii
816 1037 1023 1123 spatio
1069 1062 1425 1128 numquam
1461 1044 1533 1110 in
1569 1046 1989 1131 suspitionem
2028 1045 2337 1113 avaritiae
2379 1049 2651 1127 venerit,
2707 1053 2787 1116 ut
2834 1072 2960 1137 ego

535 1136 832 1206 Caesium
875 1145 940 1206 et
985 1141 1419 1232 Chaerippum
1464 1153 1529 1214 et
1570 1147 1945 1216 Labeonem
1988 1154 2054 1215 et
2098 1150 2292 1215 audio
2336 1155 2423 1230 et,
2469 1152 2626 1237 quia
2654 1154 2960 1241 cognovi,

536 1242 852 1324 existim0,
898 1244 1063 1311 nihil
1091 1251 1187 1314 est
1207 1251 1381 1334 quod
1409 1274 1543 1317 non
1575 1257 1642 1318 et
1669 1252 1750 1318 iis
1780 1256 1845 1318 et
1873 1253 1929 1318 si
1958 1253 2103 1339 quis
2131 1258 2229 1318 est
2257 1253 2424 1319 alius
2457 1255 2749 1321 eiusdem
2777 1257 2962 1324 modi

535 1350 602 1411 et
623 1347 937 1412 committi
966 1353 1032 1414 et
1062 1352 1236 1417 credi
1263 1354 1611 1421 rectissime
1648 1360 1893 1442 putem.
1985 1356 2115 1423 Sed
2145 1356 2200 1422 si
2229 1358 2377 1442 quis
2407 1363 2503 1423 est
2532 1359 2605 1424 in
2647 1381 2780 1445 quo
2825 1360 2964 1428 iam

535 1449 898 1531 offenderis,
952 1454 1032 1520 de
1083 1478 1210 1540 quo
1258 1458 1519 1548 aliquid·
1546 1460 1834 1540 senseris,
1885 1459 2036 1526 huic
2082 1459 2252 1526 nihil
2295 1462 2658 1542 credideris,
2702 1464 2963 1531 nullam

533 1557 784 1638 partem
814 1556 1305 1625 existimationis
1333 1566 1485 1627 tuae
1513 1563 1921 1629 commiseris.

663 1655 749 1723 V.
801 1659 906 1723 15.
951 1659 1038 1726 In
1067 1663 1398 1748 provincia
1426 1687 1575 1731 vero
1614 1665 1775 1750 ipsa,
1816 1666 1872 1731 si
1899 1688 2092 1752 quem
2122 1689 2191 1734 es
2228 1671 2476 1747 nactus,
2524 1668 2640 1754 qui
2667 1669 2743 1735 in
2770 1673 2962 1737 tuam

536 1771 974 1838 familiaritem
1011 1767 1270 1852 penitus
1313 1767 1591 1848 intrarit,
1637 1768 1751 1853 qui
1793 1768 1980 1835 nobis
2023 1774 2174 1837 ante
2221 1771 2422 1836 fuerit
2465 1773 2757 1859 ignotus,
2805 1774 2962 1841 huic

534 1881 852 1961 quantum
884 1875 1270 1941 credendum
1309 1873 1394 1937 sit
1428 1871 1576 1936 vide
1610 1893 1744 1937 non
1777 1872 1939 1957 quin
1981 1873 2229 1959 possint
2272 1874 2465 1940 multi
2513 1898 2651 1941 esse
2690 1878 2960 1963 provin-

535 1980 726 2044 ciales
767 1978 894 2044 viri
957 1977 1130 2056 boni,
1177 1976 1291 2041 sed
1329 1974 1451 2040 hoc
1505 1996 1760 2061 sperare
1801 1974 1971 2056 licet,
2022 1977 2309 2043 iudicare
2351 1978 2792 2063 periculosum
2836 1985 2957 2047 est.

536 2082 768 2148 Multis
813 2082 989 2148 enim
1034 2079 1522 2146 simulationum
1570 2078 1919 2144 involucris
1962 2080 2211 2167 tegitur
2257 2084 2323 2146 et
2369 2081 2558 2167 quasi
2591 2083 2758 2149 velis
2809 2085 2960 2170 qui-

530 2184 805 2252 busdam
852 2184 1228 2251 obtenditur
1273 2181 1467 2247 unius
1514 2181 1822 2267 cuiusque
1879 2185 2114 2248 natura
2145 2206 2161 2248 ε
2231 2183 2434 2263 frons,
2493 2186 2686 2266 oculi,
2733 2189 2963 2254 vultus

532 2311 835 2375 persaepe
883 2287 1307 2364 mentiuntur,
1357 2283 1562 2351 oratio
1591 2306 1741 2351 vero
1790 2286 2173 2371 saepissime.
2282 2286 2502 2359 Quam
2543 2287 2628 2354 ob
2659 2312 2804 2356 rem
2845 2292 2962 2377 qui

531 2396 713 2478 potes
769 2391 1047 2477 reperire
1107 2412 1189 2456 ex
1250 2410 1325 2454 eo
1382 2409 1618 2472 genere
1660 2388 2017 2468 hominum,
2082 2389 2196 2475 qui
2239 2391 2552 2476 pecuniae
2596 2393 2963 2479 cupiditate

535 2495 800 2561 adducti
847 2497 1106 2560 careant
1144 2492 1224 2557 iis
1266 2490 1458 2557 rebus
1496 2491 1813 2572 omnibus,
1858 2515 1897 2557 a
1937 2491 2171 2579 quibus
2214 2515 2333 2559 nos
2372 2494 2614 2561 divulsi
2651 2519 2791 2563 esse
2823 2520 2960 2565 non

535 2621 892 2685 possumus,
937 2604 1004 2664 te
1040 2602 1277 2677 autem,
1315 2595 1600 2661 alienum
1646 2594 1995 2676 hominem,
2037 2601 2259 2663 ament
2298 2619 2380 2663 ex
2422 2601 2645 2666 animo
2694 2623 2772 2667 ac
2823 2623 2960 2669 non

532 2703 634 2768 sui
669 2702 988 2768 commodi
1025 2722 1216 2767 causa
1253 2698 1559 2764 simulent
1578 2699 1610 2763 P
1698 2697 1870 2763 Mihi
1906 2699 2167 2785 quidem
2201 2722 2635 2787 permagnum
2671 2705 2958 2786 videtur,

607 2977 682 3021 14.
734 2970 994 3036 avaritiae]
1084 2968 1372 3034 ‘rapacity,’
1413 2974 1503 3018 not
1541 2971 1688 3018 ‘ava-
1787 2967 1898 3017 thin
1992 2985 2024 3016 a
2050 2970 2218 3031 quibus
2247 2971 2433 3018 divulsi
2454 2986 2550 3019 esse
2577 2987 2674 3020 non
2699 2989 2960 3034 possumus

530 3035 670 3086 rice.’
1787 3048 1870 3083 are
1983 3038 2007 3083 t
2028 3033 2133 3098 city
2155 3035 2245 3083 life
2266 3035 2367 3082 and
2390 3035 2544 3097 polite
2566 3037 2762 3102 society
2785 3039 2961 3089 which

600 3103 811 3150 Caesium
836 3135 849 3149 .
875 3135 888 3147 .
916 3134 931 3147 .
955 3098 1122 3164 audio]
1158 3098 1224 3149 cf.
1246 3097 1387 3148 Fam.
1409 3096 1483 3146 iii.
1510 3099 1587 3161 10,
1610 3100 1687 3158 11,
1786 3097 1926 3147 these
1948 3097 2141 3147 Roman
2161 3100 2486 3148 adventurers
2507 3100 2640 3150 have
2661 3117 2728 3151 ex

532 3171 577 3214 te
598 3180 830 3214 censorem
851 3167 1111 3214 audiemus.
1786 3161 1867 3211 for
1887 3162 1973 3211 the
1994 3162 2193 3212 dulness
2222 3164 2278 3212 of
2298 3164 2577 3227 provincial
2602 3166 2696 3215 life
2731 3167 2960 3232 through

596 3230 873 3295 offenderis]
941 3245 1009 3277 sc.
1028 3230 1336 3288 suspicionem
1361 3228 1618 3276 avaritiae.
1786 3225 1944 3276 desire
1964 3228 2022 3276 of
2037 3227 2170 3291 gain.
2209 3227 2303 3277 We
2326 3244 2408 3278 see
2429 3229 2544 3279 how
2561 3229 2787 3286 Quintus
2804 3233 2960 3296 pined

594 3295 781 3342 nullam
806 3329 819 3343 .
850 3329 861 3342 .
891 3330 904 3342 .
930 3296 1216 3341 commiseris
1295 3295 1308 3316 ‘
1328 3292 1391 3341 do
1422 3297 1511 3341 not
1543 3290 1686 3341 leave
1784 3290 1839 3340 in
1871 3290 1951 3340 his
1982 3292 2215 3355 province
2246 3291 2328 3341 for
2361 3293 2538 3356 Rome,
2589 3297 2692 3345 and
2727 3296 2956 3362 Marcus,

529 3372 658 3424 your
695 3357 977 3421 reputation
1011 3356 1067 3406 in
1098 3355 1178 3406 his
1243 3356 1365 3405 ands
1395 3353 1452 3404 in
1482 3372 1584 3421 any
1606 3371 1682 3406 re·
1784 3355 1967 3419 during
2013 3356 2094 3406 his
2137 3356 2412 3420 provincial
2457 3369 2809 3422 government,
2860 3379 2957 3414 ex-

529 3427 666 3486 gpeot
688 3421 701 3445 ’
1815 3435 1972 3470 resse·
2047 3420 2152 3471 uite
2189 3422 2487 3487 touchingly
2531 3423 2612 3500 his
2658 3425 2858 3491 feeling
2900 3428 2961 3480 of

601 3458 683 3535 1ss
702 3487 850 3550 from
876 3523 889 3536 .
920 3522 933 3535 .
960 3521 973 3534 .
999 3483 1180 3550 oratio]
1259 3482 1328 3534 cf.
1354 3482 1451 3547 Ep.
1476 3482 1569 3532 ιιι.
1594 3484 1677 3533 50.
1818 3484 2029 3535 ome-sic
2099 3501 2206 3536 ess:
2245 3503 2303 3535 m
2327 3491 2586 3549 provinno
2619 3491 2758 3540 nobis
2777 3508 2958 3552 proro-

600 3553 752 3608 Quam
788 3552 842 3600 ob
881 3548 1006 3615 rem]
1098 3549 1399 3599 ‘wherefore
1433 3548 1547 3598 how
1585 3564 1680 3597 can
1776 3555 1933 3610 μίαν,
1969 3566 2062 3610 por
2092 3550 2366 3613 fortunae!
2411 3555 2524 3601 dum
2563 3556 2678 3602 ades
2713 3559 2963 3620 quidquid

530 3630 634 3680 you
663 3623 839 3677 expect
869 3620 923 3664 to
955 3615 1061 3663 find
1091 3614 1146 3662 in
1177 3613 1299 3663 such
1331 3629 1363 3662 a
1393 3613 1520 3662 class
1564 3628 1678 3662 men
1772 3615 2021 3674 provideri
2047 3621 2205 3674 potest
2238 3618 2468 3676 provid0;
2521 3635 2618 3666 non
2655 3621 2764 3668 dici
2792 3629 2960 3682 potat

528 3680 660 3742 wh0,
687 3680 768 3729 for
788 3679 874 3729 the
906 3678 1024 3728 sake
1056 3678 1111 3728 of
1131 3678 1264 3753 gain,
1290 3677 1398 3727 will
1417 3677 1590 3741 for-ego
1610 3677 1681 3726 all
1780 3693 1925 3739 quam
1958 3680 2170 3741 flagrem
2198 3682 2437 3756 'deside-rio
2477 3684 2632 3740 urbis,
2681 3700 2834 3746 quam
2871 3690 2959 3736 vix

528 3744 669 3794 these
702 3742 871 3807 things
904 3743 1035 3792 from
1056 3742 1222 3792 which
1253 3758 1329 3792 we
1360 3748 1542 3791 cannot
1573 3747 1681 3791 tear
1782 3744 1957 3791 aarum
1991 3759 2152 3791 rerum
2187 3747 2504 3794 muhatacem
2529 3749 2721 3811 seram,
2757 3749 2871 3800 Λα..
2900 3767 2955 3801 v.

528 3809 780 3859 ourselves
812 3823 975 3872 away,
1015 3808 1115 3857 and
1136 3814 1224 3871 yet
1244 3807 1350 3857 will
1370 3806 1618 3857 entertain
1650 3822 1682 3856 a
1786 3808 1864 3868 11,
1897 3809 1942 3855 1.
2008 3806 2133 3857 This
2154 3807 2198 3857 is
2229 3822 2324 3858 one
2355 3810 2413 3858 of
2443 3811 2586 3862 those
2608 3813 2760 3863 traits
2782 3815 2960 3866 which

528 3873 635 3923 ω’
583 3889 718 3988 am
739 3872 1142 3987 ‘igffifssrffi’
1168 3879 1455 3999 2⁸“foemgnngffl’
1473 3871 1682 3999 §.nm
1781 3870 2111 3986 3⁰53&
2139 3872 2648 3991 ,ἓὲῒᾝωᾚὲπῗ
2683 3878 2960 3996 ὴὲἔὲεεᾚ

529 3954 585 3987 ra
642 3954 697 3988 er
738 3954 832 3988 sun

528 4002 660 4052 their
706 4016 821 4051 own
864 4002 1056 4051 endsP'
1148 4000 1256 4051 The
1298 4000 1469 4063 ellipse
1511 3999 1567 4048 of
1608 4016 1683 4048 eos
1783 3998 1876 4049 See
1909 3997 1976 4059 1²,
2004 4000 2194 4051 Introd.
2220 4016 2270 4064 p.
2298 4006 2381 4052 40.

528 4067 732 4195 {3135}
746 4066 1477 4190 ἕξξιῖἓῗιωῗζιῖἒῖᾞρῖῗ
1477 4064 1683 4178 111ξέἒὲ
1779 4128 1885 4177 find
1916 4144 2005 4179 ω.
2039 4065 2238 4180 ”Qua
2269 4066 2556 4184 {3⁰32}
2577 4086 2742 4186 ffiff
2761 4072 2960 4188 ²¹²⁸}ss

528 4194 725 4244 follows
751 4195 809 4245 it.
889 4195 988 4245 Yet
1018 4194 1106 4244 the
1139 4209 1281 4244 sense
1316 4166 1537 4257 requiies
1570 4192 1682 4243 that
1780 4208 2004 4254 maynum
2034 4193 2079 4243 is
2109 4196 2231 4245 used
2259 4195 2379 4246 thus
2405 4198 2692 4265 absolutely
2714 4200 2774 4251 in
2796 4201 2956 4254 Tusc-

526 4259 614 4308 the
634 4261 923 4310 antecedent
945 4266 999 4309 to
1016 4261 1104 4322 qm·
1122 4257 1378 4308 shouldbe
1399 4271 1534 4306 some
1545 4258 1682 4306 word
1780 4256 1818 4306 i.
1848 4260 1958 4318 111,
1987 4274 2302 4322 permaqnum
2328 4265 2616 4313 existimans
2649 4271 2753 4315 tm
2779 4268 2958 4330 olym·

529 4322 652 4373 such
694 4340 750 4374 as
794 4325 1005 4373 homines
1042 4322 1357 4372 understood.
1442 4321 1470 4371 1
1515 4321 1683 4371 would
1773 4323 1994 4383 pionica-9
2015 4338 2113 4371 una
2132 4339 2157 4371 e
2177 4327 2310 4374 domo
2323 4330 2542 4387 prodire.
2609 4328 2716 4380 But
2737 4332 2960 4397 perhap-

527 4387 689 4437 either
715 4388 783 4452 (l)
807 4394 995 4437 correct
1017 4387 1264 4436 hominum
1284 4391 1339 4436 to
1362 4385 1590 4443 hominos,
1627 4400 1684 4434 or
1782 4401 1860 4435 ve
1893 4385 2071 4436 should
2091 4389 2208 4439 read
2221 4395 2482 4454 permaqni
2502 4407 2524 4443 .·
2556 4392 2629 4445 cf.
2660 4395 2684 4460 ᾖ
2711 4398 2799 4459 22,
2828 4412 2957 4460 por·

551 4454 580 4500 2
626 4452 792 4502 would
828 4451 983 4502 insert
1012 4452 1223 4500 homines
1256 4453 1386 4501 aster
1421 4451 1683 4499 homimem.
1784 4453 1951 4513 maqni
1970 4452 2177 4502 hominis
2196 4459 2282 4503 est.

607 4530 636 4564 e
672 4515 819 4566 latter
855 4531 1026 4567 course
1056 4515 1083 4566 I
1114 4515 1296 4567 should
1327 4513 1507 4579 prefer.
1577 4513 1686 4564 The
