3229 5145
951 497 1096 560 ΕΡ.
1142 496 1278 561 LX
1294 473 1473 564 VH·
1506 494 1737 579 (ATT.
1771 496 1918 559 III.
1951 495 2087 578 10.)
2592 493 2724 558 363

310 672 473 735 nent
504 671 572 734 te
615 667 1072 735 vehementius.
1163 670 1226 733 9.
1268 667 1641 734 Messallam
1678 669 1780 734 tui
1823 667 2181 734 studiosum
2224 689 2357 733 esse
2400 664 2714 733 arbitror:

311 771 697 859 Pompeium
742 773 939 839 etiam
986 772 1423 839 simulatorem
1470 775 1651 859 puto.
1742 771 1874 838 Sed
1909 771 2066 836 haec
2107 771 2361 837 utinam
2403 793 2488 835 ne
2528 792 2719 855 expc-

310 876 519 942 riare!
598 877 772 962 quod
828 898 1117 963 precarer
1174 877 1343 956 deos,
1402 875 1529 941 nisi
1584 896 1762 942 meas
1830 897 2047 961 preces
2105 874 2328 940 audire
2389 873 2716 939 desissent.

310 977 563 1046 Verum
604 986 825 1046 tamen
869 1001 1111 1067 precor,
1150 982 1228 1045 ut
1263 979 1366 1045 his
1408 978 1682 1045 infinitis
1722 978 1957 1045 nostris
1997 978 2186 1044 malis
2225 977 2508 1043 contenti
2550 976 2718 1042 sint:

312 1083 383 1148 in
430 1082 665 1169 quibus
708 1088 928 1149 tamen
980 1083 1223 1149 nullius
1276 1081 1444 1149 inest
1494 1082 1736 1170 peccati
1779 1081 2072 1162 infamia,
2125 1082 2236 1147 sed
2281 1080 2489 1146 omnis
2540 1081 2724 1147 dolor

312 1189 431 1266 est,
477 1187 652 1272 quod
697 1186 939 1271 optime
997 1186 1186 1252 factis
1241 1208 1450 1273 poena
1503 1186 1788 1258 maxima
1845 1191 1941 1253 est
1997 1185 2363 1252 constituta.
2458 1185 2559 1250 10.
2607 1184 2719 1250 Fi·

312 1290 471 1356 liam
509 1313 720 1357 meam
766 1295 831 1356 et
878 1295 1060 1356 tuam
1108 1289 1603 1376 Ciceronemque
1652 1295 1943 1356 nostrum
1989 1288 2147 1375 quid
2176 1310 2318 1375 ego,
2363 1288 2456 1353 mi
2499 1287 2719 1368 frater,

310 1392 435 1460 tibi
491 1394 932 1460 commendem
955 1394 988 1459 P
1059 1394 1219 1480 quin
1262 1393 1430 1460 illud
1477 1416 1750 1473 maereo,
1811 1394 1981 1479 quod
2037 1391 2161 1458 tibi
2217 1412 2348 1457 non
2408 1390 2721 1457 minorem

314 1497 600 1564 dolorem
627 1498 887 1564 illorum
918 1496 1156 1564 orbitas
1193 1497 1441 1564 adferet
1481 1521 1678 1584 quam
1715 1497 1897 1562 mihi.
1986 1494 2113 1562 Sed
2143 1500 2210 1561 te
2248 1494 2554 1560 incolumi
2583 1493 2722 1560 orbi

314 1622 447 1667 non
491 1606 700 1668 erunt.
791 1600 1090 1686 Reliqua,
1141 1601 1236 1667 ita
1280 1600 1442 1667 mihi
1485 1601 1657 1667 salus
1709 1601 1927 1687 aliqua
1971 1600 2159 1665 detur
2205 1603 2608 1684 potestasque
2650 1597 2721 1662 in

312 1704 524 1790 patria
567 1703 903 1785 moriendi,
955 1708 1032 1770 ut
1080 1726 1184 1770 me
1229 1704 1529 1771 lacrimae
1585 1727 1720 1770 non
1777 1706 2001 1771 sinunt
2059 1702 2376 1769 scribere!
2498 1701 2722 1767 Etiam

314 1805 687 1873 Terentiam
715 1807 909 1873 velim
938 1812 1157 1873 tueare
1201 1807 1487 1894 mihique
1527 1809 1607 1874 de
1647 1806 1944 1874 omnibus
1981 1805 2171 1873 rebus
2207 1804 2531 1871 rescribas.
2620 1804 2724 1870 Sis

314 1911 522 1992 fortis,
554 1912 768 1998 quoad
796 1911 889 1977 rei
917 1916 1154 1977 natura
1178 1911 1483 1997 patiatur.
1575 1911 1806 1979 Idibus
1834 1910 2066 1992 Iuniis,
2097 1909 2603 1977 Thessalonicae.

578 2230 881 2300 LXVII.
971 2231 1089 2299 ΤΟ
1132 2232 1555 2314 ATTIGUS,
1602 2255 1678 2299 IN
1724 2232 1931 2300 Romu
1981 2233 2174 2317 (A‘rr.
2208 2253 2314 2298 111.
2352 2233 2462 2316 ιο).

637 2457 1154 2517 'massanoch
1186 2459 1251 2503 A.
1284 2459 1350 2504 u.
1385 2460 1438 2504 e.
1472 2459 1604 2518 696;
1654 2459 1714 2504 B.
1749 2460 1803 2503 c.
1838 2458 1935 2517 583
1983 2459 2132 2503 Am.
2165 2457 2283 2502 010.
2316 2454 2401 2502 48.

418 2639 492 2690 M.
512 2639 683 2691 Cicero
698 2640 866 2691 Attico
885 2641 1057 2692 scribit
1077 2641 1256 2693 litteris
1270 2642 1378 2693 eius
1399 2658 1452 2693 se
1473 2641 1729 2694 certiorem
1744 2641 1936 2693 factum
1951 2657 2078 2708 quae
2092 2656 2251 2706 usque
2271 2641 2333 2690 ad
2353 2655 2401 2689 a.
2419 2641 2468 2689 d.
2486 2653 2588 2689 vm
2603 2637 2720 2688 Kal.

321 2721 441 2772 Iun.
466 2728 577 2774 acta
597 2730 775 2785 essent,
802 2722 992 2788 reliqua
1012 2740 1064 2774 sc
1086 2724 1463 2775 Thessalonicae
1488 2729 1785 2789 exspectare,
1813 2732 1922 2775 tum
1951 2740 2003 2774 se
2032 2728 2247 2773 statuere
2273 2737 2415 2785 posse
2444 2720 2532 2771 ubi
2558 2720 2639 2780 sit,
2667 2721 2728 2769 de

319 2803 504 2868 exigua
524 2819 611 2868 spe
631 2820 722 2855 sua
742 2806 1102 2869 recuperandae
1122 2806 1298 2857 salutis
1319 2811 1370 2858 et
1390 2809 1451 2857 de
1472 2806 1639 2858 animo
1658 2821 1760 2857 non
1779 2808 1887 2858 sine
1906 2805 2083 2857 idonea
2103 2820 2252 2856 causa
2271 2803 2486 2854 adflicto.

1150 3004 1411 3061 CICERO
1444 3004 1708 3060 ATTICO
1744 3004 1899 3061 SAL.

458 3142 517 3206 1.
563 3141 735 3207 Acta
774 3164 938 3228 quae
974 3147 1183 3210 essent
1221 3166 1423 3230 usque
1465 3145 1550 3211 ad
1589 3166 1648 3210 a.
1682 3146 1745 3211 d.
1790 3166 1920 3211 vm
1960 3143 2241 3209 Kalend.
2275 3142 2428 3208 Iun.
2458 3139 2730 3229 cognovi

325 3266 407 3309 ex
434 3244 565 3310 tuis
594 3244 845 3311 litteris.
938 3244 1218 3332 Reliqua
1255 3247 1722 3334 exspectabm‚
1761 3253 1838 3315 ut
1875 3248 1999 3315 tibi
2036 3246 2347 3335 placebat,
2394 3244 2728 3312 Thessalo-

324 3347 539 3413 nicae:
573 3348 806 3434 quibus
835 3349 1068 3415 adlatis
1096 3350 1349 3416 facilius
1379 3356 1658 3420 statuere
1686 3357 1906 3440 potero
1935 3351 2049 3419 ubi
2078 3352 2217 3418 sim.
2294 3350 2492 3429 Nam,
2524 3349 2578 3414 si
2607 3348 2730 3415 erit

325 3474 533 3531 causa,
564 3452 618 3517 si
649 3452 806 3538 quid
845 3458 1094 3537 agetur,
1133 3454 1189 3518 si
1227 3477 1406 3541 spem
1434 3456 1674 3537 videro,
1705 3460 1820 3522 aut
1857 3456 2098 3523 ibidem
2137 3455 2430 3543 opperiar
2473 3458 2587 3518 aut
2627 3474 2730 3517 me

326 3555 412 3621 ad
454 3560 518 3622 te
562 3557 924 3622 conferam:
970 3556 1091 3638 sin,
1132 3562 1207 3624 ut
1251 3562 1328 3624 tu
1368 3560 1607 3638 scribis,
1649 3559 1774 3626 ista
1813 3559 2211 3641 evanuerint,
2259 3557 2505 3644 aliquid
2551 3556 2731 3622 aliud

328 3656 703 3725 videbimus.
805 3658 1086 3726 Omnino
1123 3661 1333 3728 adhuc
1369 3662 1535 3729 nihil
1574 3662 1737 3728 mihi
1774 3663 2150 3751 significatis
2183 3662 2311 3729 nisi
2350 3660 2730 3726 discordiam

329 3860 516 3912 cesdon
545 3877 611 3912 cn
632 3878 719 3927 my
739 3861 910 3913 behalf
940 3871 1241 3929 consequent
1269 3881 1331 3941 on
1356 3881 1483 3929 your
1578 3832 1660 3916 am
1694 3865 1919 3932 drawing
1951 3866 2264 3931 enormously
2295 3881 2361 3916 on
2393 3880 2480 3930 my
2509 3879 2624 3914 own
2655 3878 2732 3914 re·

328 3926 602 4042 acqugttah'
649 3926 730 3977 for
771 3927 817 3976 if
855 3928 1072 3986 Quintus
1124 3945 1228 3980 was
1280 3930 1484 3980 himself
1579 3932 1815 3982 sources!

330 4005 399 4040 un
516 4007 582 4041 an
609 3993 811 4043 adverse
843 4000 1088 4052 sentence,
1113 3994 1177 4044 he
1209 3996 1354 4045 could
1373 4001 1477 4053 not,

328 4054 453 4106 with
473 4072 575 4121 any
597 4056 762 4117 effect,
786 4057 930 4121 plead
951 4058 1031 4107 his
1053 4059 1294 4109 brother’s
1315 4076 1478 4109 cause.
1652 4065 1694 4110 1.
1731 4063 1800 4110 ad
1819 4060 1886 4127 te]
1958 4064 1973 4088 ⁴
1986 4065 2040 4110 to
2128 4076 2189 4109 ur
2208 4063 2364 4110 estate
2385 4058 2441 4108 in
2463 4057 2682 4121 Epirus!

393 4123 440 4169 9.
471 4121 770 4187 Messallam]
835 4122 1022 4173 Consul
1042 4124 1167 4174 with
1188 4125 1260 4174 M.
1289 4124 1477 4175 Pisoin
1645 4128 1738 4184 εἰη,
1776 4133 1832 4175 ut
1873 4132 1927 4173 tu
1965 4128 2058 4174 ceri
2095 4124 2154 4191 ']
2258 4125 2444 4173 Schiitz
2485 4126 2625 4187 gives
2664 4142 2732 4171 me

328 4186 423 4235 693
446 4185 575 4248 (b.c.
603 4188 707 4249 61).
1580 4192 1649 4239 ad
1684 4196 1728 4239 te
1763 4191 2014 4254 conseram,
2059 4196 2114 4237 ut
2154 4195 2208 4238 tu
2250 4190 2461 4247 mihim·
2515 4192 2592 4236 sin
2637 4190 2734 4238 ista

390 4249 561 4317 etiam]
633 4251 803 4311 ‘still,’
827 4250 1071 4302 asbefore
1092 4252 1147 4303 in
1168 4269 1253 4318 my
1276 4270 1403 4304 case.
1578 4258 1872 4317 evanuerint,
1912 4271 1978 4305 on
2011 4254 2098 4304 the
2136 4255 2351 4317 grounds
2387 4252 2497 4302 that
2535 4253 2733 4303 Atticus

395 4315 472 4364 1⁰.
507 4315 733 4381 Relimca]
800 4315 1063 4366 ‘More—I
1101 4333 1259 4369 swear
1292 4320 1361 4383 by
1393 4335 1479 4384 my
1580 4320 1747 4370 would
1775 4320 1835 4369 be
1867 4334 2004 4369 more
2037 4334 2187 4382 prone
2218 4325 2271 4368 to
2302 4324 2394 4393 put
2421 4318 2505 4368 the
2526 4317 2734 4381 hopeful

327 4377 480 4493 ἔξω
501 4380 556 4430 of
576 4380 867 4431 restoration
889 4382 988 4431 and
1009 4380 1064 4431 of
1085 4399 1114 4432 a
1136 4399 1287 4447 grave
1308 4384 1366 4434 in
1392 4401 1479 4450 my
1578 4385 1707 4435 view
1732 4384 1787 4434 of
1817 4383 1903 4434 the
1935 4400 2046 4434 case
2077 4384 2247 4434 before
2270 4382 2457 4433 Cicero.
2527 4383 2631 4432 But
2647 4382 2734 4432 the

407 4508 419 4520 ·
438 4444 808 4495 erland—more
829 4462 915 4510 my
937 4453 1065 4495 team
1095 4448 1158 4497 do
1186 4455 1274 4498 not
1301 4448 1371 4499 let
1399 4464 1481 4499 me
1579 4449 1769 4513 change
1803 4448 1848 4498 ia
1886 4449 2024 4513 quite
2059 4463 2261 4511 wrong;
2309 4448 2506 4498 Atticus
2538 4447 2624 4497 did
2655 4454 2736 4496 not

331 4509 562 4559 vntel’:
599 4509 666 4559 cf.
702 4512 809 4560 Att.
834 4526 886 4559 v.
918 4512 994 4573 15,
1029 4515 1075 4573 2,
1115 4516 1188 4561 ita
1215 4517 1387 4571 vivant,
1424 4521 1480 4562 ut
1581 4513 1722 4563 write
1751 4513 1858 4562 him
1885 4514 2166 4577 reaseuring
2193 4514 2387 4562 lettere:
2425 4530 2506 4563 see
2527 4515 2634 4562 Att.
2659 4512 2733 4561 iii.

334 4575 562 4623 maximos
595 4584 812 4636 sumptus
840 4576 996 4640 facio,
1049 4576 1147 4642 ‘by
1191 4593 1278 4642 my
1315 4576 1406 4628 life
1450 4578 1478 4627 1
1585 4581 1661 4639 12,
1676 4582 1808 4642 firm
1851 4581 1927 4636 13,
1957 4583 2014 4639 1;
2052 4579 2149 4628 and
2171 4578 2434 4643 especially
2462 4583 2536 4640 14,
2565 4582 2609 4628 1.
