3229 5145
498 452 629 520 214
1192 454 1339 518 ΕΡ.
1385 453 1633 517 XXII.
1686 451 1918 536 (ATT.
1965 454 2027 518 J.
2074 454 2209 537 16.)

506 624 656 697 Qua
681 649 773 706 re,
802 632 880 692 ut
909 626 1156 712 opinor,
1187 626 1673 714 φιλοσοφητέον,
1703 625 1776 691 id
1812 625 1987 711 quod
2014 631 2090 692 tu
2120 625 2299 706 facis,
2329 628 2396 692 et
2424 625 2579 691 istos
2617 625 2909 692 consula·

494 735 602 795 tus
629 750 761 795 non
789 729 967 795 flocci
995 729 1269 796 facteon.
1362 729 1463 794 14.
1498 727 1694 799 Quod
1720 729 1806 795 ad
1834 750 1939 794 me
1969 728 2210 810 scribis,
2239 728 2355 795 te
2333 752 2407 794 ιιι
2435 726 2668 795 Asiam
2697 734 2906 796 statu-

495 834 620 899 isse
660 855 792 898 non
834 833 948 914 ire,
979 832 1277 918 equidem
1313 832 1575 898 mallem
1602 832 1728 898 ut
1708 855 1854 911 ires,
1887 856 1961 898 ac
1999 856 2220 899 vereor
2264 856 2347 899 ne
2387 832 2593 918 quid
2573 855 2645 897 ιιι
2671 823 2798 898 ista
2834 856 2909 899 re

495 936 712 1002 minus
749 938 1077 1003 commode
1105 936 1239 1001 fiat.
1328 934 1460 1003 Sed
1501 940 1722 1002 tamen
1765 957 1900 1002 non
1946 958 2208 1022 possum
2248 936 2712 1023 reprehendere
2754 958 2902 1002 con-

492 1038 713 1105 silium
770 1045 979 1118 tuum,
1045 1039 1421 1125 praesertim
1479 1060 1628 1104 cum
1686 1043 1942 1127 egomet
1999 1040 2071 1105 in
2132 1040 2532 1126 provinciam
2587 1061 2720 1105 non
2779 1040 2906 1106 sim

495 1142 836 1228 profectus.
951 1142 1055 1208 15.
1102 1141 1613 1229 Epigrammatis
1661 1143 1811 1224 tuis,
1866 1166 2030 1230 quae
2079 1143 2151 1208 in
2204 1142 2555 1209 Amaltheo
2613 1143 2905 1228 posuisti,

495 1246 783 1313 contenti
828 1246 1084 1326 erimus,
1137 1245 1511 1332 praesertim
1575 1269 1724 1313 cum
1781 1252 1847 1313 et
1907 1246 2212 1333 Thyillus
2261 1270 2379 1313 nos
2450 1248 2784 1333 reliquerit
2839 1251 2909 1314 et

491 1348 769 1415 Archias
808 1349 978 1415 nihil
1019 1350 1101 1416 de
1143 1371 1249 1414 me
1292 1349 1631 1435 scripserit,
1703 1372 1777 1416 ao
1834 1373 2057 1417 vereor
2111 1374 2215 1432 ne,
2260 1349 2557 1418 Lucullis
2598 1351 2907 1437 quoniam

496 1452 813 1519 Graecum
851 1459 1085 1539 poema
1133 1452 1440 1533 condidit,
1477 1476 1654 1519 nunc
1693 1454 1778 1520 ad
1825 1454 2254 1520 Caecilianam
2297 1454 2589 1520 fabulam
2644 1459 2905 1541 spectet.

491 1557 596 1622 16.
667 1556 961 1622 Antonio
1004 1562 1118 1623 tuo
1179 1556 1441 1623 nomine
1500 1557 1745 1641 gratias
1788 1558 1914 1644 egi,
1963 1580 2231 1643 eamque
2290 1559 2629 1644 epistolam
2670 1558 2905 1624 Mallio

487 1660 657 1726 dedi.
746 1660 860 1726 Ad
888 1664 954 1726 te
981 1660 1126 1727 ideo
1156 1665 1348 1726 antea
1376 1660 1583 1726 rarius
1613 1661 1857 1747 scripsi,
1883 1663 2056 1748 quod
2085 1684 2219 1727 non
2248 1660 2569 1728 habebam
2596 1662 2906 1728 idoneum

486 1764 591 1829 cui
651 1765 871 1829 darem
927 1786 1047 1830 nec
1103 1763 1259 1829 satis
1315 1763 1591 1829 sciebam
1642 1786 1769 1850 quo
1828 1766 2070 1831 darem.
2162 1764 2377 1832 Valde
2418 1771 2486 1832 te
2543 1766 2901 1832 venditavi.

489 1869 592 1932 17.
640 1867 899 1933 Cincius
944 1868 1000 1932 si
1043 1866 1202 1953 quid
1245 1868 1328 1932 ad
1370 1889 1476 1933 me
1517 1868 1619 1933 tui
1660 1868 1910 1955 negotii
1955 1869 2279 1950 detulerit,
2326 1869 2691 1955 suscipiam.
2774 1868 2906 1935 Sed

485 1993 660 2036 nunc
698 1972 907 2058 magis
934 1970 1006 2036 in
1037 1992 1152 2037 suo
1194 1975 1291 2037 est
1335 1975 1699 2056 occupatus,
1729 1973 1801 2037 in
1831 1994 1959 2059 quo
1998 1994 2121 2058 ego
2162 1973 2222 2038 ei
2262 1995 2394 2038 non
2437 1974 2683 2038 desum.
2774 1971 2904 2053 Tu,

489 2075 546 2138 si
605 2097 736 2140 uno
778 2075 850 2139 in
892 2074 1031 2140 loco
1074 2096 1142 2139 es
1184 2073 1463 2154 futurus,
1509 2074 1761 2141 crebras
1802 2098 1845 2141 a
1884 2074 2070 2141 nobis
2112 2076 2363 2142 litteras
2404 2081 2737 2163 exspecta:
2804 2080 2907 2142 ast

486 2177 701 2262 plures
744 2178 940 2243 etiam
982 2179 1119 2264 ipse
1161 2178 1424 2243 mittite.
1519 2179 1621 2243 18.
1669 2178 1893 2246 Velim
1935 2181 2020 2244 ad
2042 2177 2168 2245 ‘me
2211 2178 2449 2246 scribas
2492 2180 2673 2245 cuius
2720 2179 2899 2246 modi

487 2281 572 2346 sit
601 2279 983 2365 Ἀμολθεῖον
1027 2285 1235 2360 tuum,
1268 2304 1395 2368 quo
1441 2285 1696 2361 ornatu,
1743 2305 1873 2369 qua
1906 2282 2267 2369 τοποθεσίᾳ,
2303 2286 2370 2349 et
2403 2305 2568 2370 quae
2603 2287 2908 2370 poemata

488 2407 773 2471 quasque
801 2384 1096 2450 historias
1133 2386 1212 2450 de
1241 2384 1585 2473 Ἀμαλθείᾳ
1624 2385 1838 2465 habes,
1872 2387 1957 2451 ad
1998 2407 2103 2452 me
2145 2387 2386 2452 mittas.
2476 2385 2697 2453 Lubet
2739 2386 2905 2452 mihi

488 2488 696 2554 facere
737 2489 808 2553 in
853 2486 1180 2576 Arpinati.
1299 2489 1448 2577 Ego
1491 2488 1613 2556 tibi
1659 2489 1909 2577 aliquid
1952 2491 2035 2556 de
2092 2491 2255 2556 meis
2311 2491 2562 2578 scriptis
2620 2489 2900 2556 mittam.

490 2592 680 2658 Nihil
725 2598 862 2659 erat
906 2592 1200 2659 absoluti.

491 2812 654 2877 might
674 2830 704 2863 a
724 2830 842 2863 man
873 2813 1093 2889 triumph
1123 2829 1304 2877 among
1326 2805 1499 2864 thebo
1535 2831 1559 2864 s
1585 2819 1641 2865 at
1742 2814 2001 2865 available.
2084 2814 2136 2864 It
2158 2830 2259 2864 was
2282 2814 2383 2865 this
2405 2815 2614 2865 Archias
2635 2815 2714 2866 for
2736 2815 2904 2867 whose

491 2878 685 2942 finding
719 2878 804 2928 the
834 2878 994 2928 insect
1021 2895 1076 2927 111
1102 2878 1189 2928 the
1221 2879 1364 2939 bean,
1396 2895 1451 2928 as
1743 2878 2037 2943 citizenship
2095 2879 2268 2930 Cicero
2320 2880 2529 2944 pleaded
2585 2881 2756 2932 before
2823 2881 2906 2933 his

489 2941 574 2991 his
605 2943 848 2993 ambition
879 2944 1095 2993 towards
1127 2943 1213 2993 the
1245 2944 1537 2993 consulate)
1743 2944 1944 2995 brother
1976 2944 2194 3000 Quintus
2224 2960 2280 2994 ss
2310 2951 2524 3007 praetor.

543 3007 763 3073 sacteon]
829 3024 860 3057 a
891 3008 1062 3058 vei-bal
1084 3024 1148 3058 on
1171 3008 1256 3058 the
1279 3008 1441 3058 Greek
1463 3009 1642 3059 model.
1815 3011 2131 3058 Caecilianam
2150 3009 2412 3085 fabulam]
2484 3009 2553 3060 ‘I
2588 3010 2698 3061 sear
2739 3011 2806 3061 he
2848 3011 2894 3061 is

559 3075 635 3119 14.
670 3089 728 3120 no
748 3071 893 3137 quid]
962 3072 1029 3121 ‘I
1067 3071 1177 3122 fear
1217 3072 1262 3121 if
1306 3089 1407 3149 you
1451 3074 1514 3122 do
1555 3080 1645 3123 not
1745 3089 1860 3123 now
1882 3074 2091 3163 turning
2110 3074 2190 3123 his
2211 3074 2450 3139 thoughts
2471 3080 2526 3125 to
2545 3075 2632 3125 the
2650 3075 2904 3126 Caecilian

491 3150 556 3247 go
587 3151 720 3186 some
753 3153 821 3185 un
857 3137 1156 3187 leasantness
1188 3137 1295 3186 will
1325 3137 1489 3187 arise!
1561 3138 1645 3187 He
1746 3138 1947 3188 drama’
1988 3141 2024 3188 i.
2047 3156 2086 3188 o.
2109 3155 2140 3187 a
2170 3154 2314 3203 poem
2345 3155 2411 3189 on
2442 3140 2530 3190 the
2562 3140 2755 3191 Metelli
2787 3142 2905 3191 who

518 3215 628 3250 ears
661 3201 770 3251 that
852 3201 1038 3263 uintus,
1067 3200 1180 3250 who
1212 3218 1315 3251 was
1347 3201 1402 3251 of
1433 3218 1464 3251 a
1493 3202 1645 3266 hasty
1748 3219 1876 3254 were
1906 3203 1961 3253 of
1981 3204 2067 3254 the
2086 3220 2199 3266 qens
2226 3206 2446 3263 Caecilia,
2472 3205 2595 3255 with
2628 3222 2659 3256 a
2691 3206 2809 3269 play
2833 3220 2904 3256 on

491 3270 693 3390 gemm*
718 3265 878 3329 might
898 3266 1013 3316 take
1035 3267 1235 3317 offence.
1287 3267 1380 3316 See
1400 3274 1525 3317 next
1545 3267 1831 3382 Ep.11:1he
1862 3284 2007 3319 name
2039 3220 2118 3319 osy
2137 3268 2224 3319 the
2267 3269 2350 3319 old
2393 3269 2543 3320 Latin
2582 3275 2699 3334 poet
2731 3270 2901 3320 Caeci·

554 3333 575 3377 1
1788 3349 1864 3382 us.

565 3394 640 3443 15.
695 3395 1108 3470 Epigrammata]
1213 3394 1358 3446 ‘The
1431 3396 1640 3461 inscrip-
1810 3401 1887 3447 16.
1919 3398 2187 3486 vmditavi]
2239 3398 2296 3447 ‘I
2320 3400 2542 3449 sounded
2565 3415 2692 3464 your
2712 3398 2902 3462 praises

492 3457 656 3508 tions’
684 3459 849 3509 which
869 3460 976 3509 Att.
995 3467 1149 3510 wrote
1168 3461 1328 3510 under
1345 3461 1433 3512 the
1453 3468 1640 3512 statues
1740 3467 1793 3513 to
1829 3464 1968 3512 Ant:
2038 3462 2145 3513 The
2178 3469 2409 3514 sentence
2441 3465 2728 3528 separating
2761 3464 2904 3514 these

495 3522 663 3573 which
705 3526 917 3574 adorned
960 3524 1039 3574 his
1076 3525 1387 3587 Ἀμαλθεῖον.
1470 3526 1642 3577 Cicero
1742 3529 1903 3576 words
1930 3527 2062 3577 from
2082 3530 2303 3578 Antonio
2335 3529 2379 3578 is
2413 3529 2603 3594 merely
2635 3528 2899 3593 parenthe-

492 3604 606 3652 says
643 3588 708 3638 he
738 3595 873 3639 must
901 3590 965 3639 be
997 3591 1263 3640 contented
1290 3590 1415 3641 with
1440 3591 1569 3642 the'
1554 3608 1636 3641 m·
1742 3592 1876 3642 tical.
1947 3592 2041 3642 See
2062 3593 2193 3643 Adn.
2221 3592 2347 3643 crit.

490 3653 725 3716 scription
747 3654 919 3716 placed
942 3655 1010 3718 by
1032 3655 1232 3705 Atticus
1255 3656 1410 3706 under
1424 3656 1505 3706 his
1526 3671 1640 3706 own
1808 3660 1887 3707 18.
1907 3657 2099 3724 facore]
2118 3675 2187 3708 sc.
2200 3674 2265 3709 an
2278 3658 2603 3710 Amaltheum
2618 3657 2720 3709 like
2733 3673 2903 3723 yours.

488 3725 653 3769 statue
674 3719 808 3769 since
831 3719 1063 3784 Thyillus
1083 3721 1181 3770 and
1202 3721 1412 3771 Archias
1442 3736 1526 3771 are
1549 3730 1639 3772 not
