3229 5145
538 483 671 547 236
1234 479 1383 544 ΕΡ.
1431 478 1706 546 XXVI.
1756 464 1985 562 (Α’ΤΤ.
2032 476 2093 540 I.
2141 474 2276 558 ρο.)

536 655 917 741 optimatem
968 660 1113 740 post
1164 651 1382 718 Catuli
1431 656 1706 717 mortem
1751 673 1869 716 nec
1920 648 2237 737 praesidio
2288 647 2423 715 ullo
2471 670 2593 714 nec
2639 646 2961 713 comitatu

541 762 780 824 tenere.
870 756 1070 837 Nam,
1119 760 1193 822 ut
1239 756 1333 820 ait
1385 754 1703 833 Rhinton,
1749 758 1826 819 ut
1873 753 2115 839 opinor,

952 945 1030 1008 Oi
1081 947 1196 1028 μὲν
1244 943 1387 1025 παρ’
1434 941 1619 1008 οὐδέν
1664 945 1799 1021 εἶσι,
1844 952 1981 1017 τοῖς
2027 939 2078 1006 δ’
2126 939 2312 1007 οὐδὲν
2353 939 2546 1023 μέλει.

545 1146 720 1213 Mihi
749 1167 899 1211 vero
928 1150 1005 1211 ut
1034 1145 1370 1211 invideant
1399 1145 1724 1232 piscinarii
1752 1145 1955 1212 nostri
1984 1149 2100 1210 aut
2138 1142 2410 1209 scribam
2449 1145 2535 1209 ad
2564 1150 2627 1209 te
2656 1144 2817 1209 alias
2847 1152 2968 1210 aut

545 1252 619 1317 in
665 1271 1074 1336 congressum
1120 1253 1414 1314 nostrum
1459 1248 1813 1319 reservabo.
1903 1247 1971 1313 A
2005 1247 2183 1312 curia
2225 1251 2442 1313 autem
2485 1247 2670 1312 nulla
2711 1270 2817 1312 me
2862 1271 2969 1313 res

547 1353 834 1433 divellet,
880 1352 985 1417 vel
1027 1353 1202 1438 quod
1243 1352 1339 1418 ita
1380 1356 1628 1418 rectum
1671 1356 1769 1418 est
1824 1352 1928 1418 vel
1987 1351 2159 1437 quod
2215 1349 2408 1414 rebus
2464 1351 2624 1415 meis
2680 1350 2968 1417 maxime

548 1461 1053 1523 consentaneum
1083 1457 1189 1522 vel
1218 1458 1389 1541 quod
1419 1480 1459 1521 a
1487 1459 1717 1521 senatu
1746 1454 1974 1541 quanti
2003 1454 2157 1519 fiam
2203 1453 2469 1519 minime
2509 1475 2613 1519 me
2651 1454 2963 1539 paenitet.

549 1564 612 1626 4.
659 1559 764 1626 De
794 1558 1130 1644 Sicyoniis,
1174 1565 1251 1625 ut
1294 1561 1379 1625 ad
1422 1566 1488 1625 te
1533 1560 1754 1644 scripsi
1798 1563 2008 1637 antea,
2069 1579 2203 1622 non
2245 1557 2529 1622 multum
2572 1558 2709 1642 spei
2751 1562 2848 1623 est
2893 1558 2970 1623 in

551 1668 796 1730 senatu.
870 1662 1082 1728 Nemo
1112 1667 1209 1728 est
1238 1664 1411 1729 enim
1438 1664 1571 1728 iam
1601 1663 1716 1749 qui
1746 1665 2072 1749 queratur.
2135 1659 2285 1732 Qua
2312 1683 2401 1740 re,
2434 1659 2489 1725 si
2517 1660 2588 1725 id
2616 1668 2968 1747 exspectas,

550 1768 824 1854 longum
883 1771 995 1832 est.
1086 1766 1244 1832 Alia
1287 1767 1412 1848 via,
1472 1766 1528 1833 si
1571 1789 1702 1853 qua
1749 1769 1950 1852 potes,
2009 1786 2253 1851 pugna.
2345 1762 2513 1828 Cum
2571 1769 2669 1830 est
2727 1770 2970 1846 actum,

553 1893 762 1957 neque
814 1870 1330 1936 animadversum
1380 1875 1478 1937 est
1523 1871 1610 1937 ad
1656 1892 1816 1957 quos
1864 1868 2215 1955 pertineret
2272 1871 2337 1933 et
2396 1867 2636 1954 raptim
2692 1867 2764 1934 in
2823 1892 2972 1935 eam

555 1972 943 2039 sententiam
970 1974 1218 2060 pedarii
1247 1978 1681 2040 cucurrerunt.
1767 1972 2134 2039 Inducendi
2162 1975 2421 2037 senatus
2450 1972 2727 2038 consulti
2754 1977 2972 2039 matu-

554 2077 715 2143 ritas
741 2077 1033 2141 nondum
1062 2081 1177 2158 est,
1221 2079 1394 2165 quod
1430 2101 1637 2165 neque
1680 2082 1833 2143 sunt
1873 2076 1985 2163 qui
2024 2079 2376 2161 querantur
2413 2081 2480 2141 et
2507 2075 2702 2141 multi
2731 2076 2976 2161 partim

558 2178 1031 2260 malevolentia,
1072 2181 1310 2266 partim
1341 2182 1642 2267 opinione
1673 2179 2016 2266 aequitatis
2046 2178 2463 2244 delectantur.
2555 2181 2617 2245 5.
2664 2179 2978 2245 Metellus

559 2287 713 2348 tuus
750 2287 847 2348 est
889 2284 1188 2369 egregius
1224 2286 1445 2351 consul
1471 2309 1486 2351 :
1531 2307 1739 2350 unum
1782 2281 2201 2368 reprehendO,
2239 2283 2413 2368 quod
2452 2283 2659 2349 otium
2687 2306 2723 2349 e
2756 2281 2977 2349 Gallia

561 2386 851 2451 nuntiari
878 2409 1010 2451 non
1037 2410 1277 2475 magno
1307 2411 1494 2475 opere
1517 2389 1781 2476 gaudet.
1846 2385 2064 2472 Cupit,
2097 2386 2305 2467 crede,
2335 2386 2759 2473 triumphare.
2824 2385 2980 2452 Hoc

562 2491 796 2556 vellem
825 2491 1244 2558 mediocrius:
1290 2498 1501 2559 cetera
1529 2492 1810 2579 egregia.
1887 2488 2052 2554 Auli
2080 2488 2252 2554 filius
2279 2512 2428 2555 vero
2458 2489 2554 2555 ita
2583 2513 2649 2556 se
2679 2489 2871 2578 gerit,
2902 2495 2981 2555 ut

564 2595 702 2661 eius
745 2595 1111 2661 consulatus
1153 2618 1285 2662 non
1344 2597 1713 2663 consulatus
1770 2594 1872 2675 sit,
1933 2595 2048 2659 sed
2105 2592 2343 2680 Magni
2399 2596 2604 2661 nostri
2663 2597 2976 2663 ὑπώπιον.

564 2699 628 2762 6.
662 2696 766 2762 De
794 2698 954 2763 meis
981 2699 1233 2785 scriptis
1259 2700 1408 2766 misi
1439 2701 1522 2765 ad
1550 2704 1617 2765 te
1648 2699 1889 2764 Graece
1917 2697 2275 2784 perfectum
2299 2699 2704 2764 consulatum
2734 2720 2978 2764 meum.

567 2800 746 2866 Eum
786 2800 1027 2867 librum
1070 2800 1151 2867 L.
1200 2802 1489 2869 Cossinio
1531 2804 1701 2868 dedi.
1792 2802 1964 2868 Puto
2010 2805 2076 2867 te
2117 2799 2377 2867 Latinis
2433 2802 2595 2867 meis
2653 2802 2981 2880 delectari,

567 2905 720 2970 huic
761 2908 979 2970 autem
1026 2904 1267 2972 Graeco
1300 2906 1618 2973 Graecum
1647 2905 1953 2971 invidere.
2045 2904 2188 2971 Alii
2229 2906 2286 2970 si
2329 2905 2716 2993 scripserint,
2761 2906 2983 2971 mitte-

569 3029 717 3074 mus
759 3008 844 3072 ad
888 3013 971 3090 te,
1017 3010 1148 3088 sed,
1202 3009 1365 3075 mihi
1415 3011 1620 3092 crede,
1682 3009 1875 3079 simul
1923 3014 2116 3095 atque
2159 3009 2279 3075 hoo
2321 3015 2617 3075 nostrum
2657 3010 2984 3096 legerunt,

571 3111 782 3176 nescio
813 3134 940 3197 quo
970 3117 1156 3198 pacto
1185 3114 1616 3179 retardantur.
1708 3115 1769 3179 7.
1816 3113 2034 3193 Nunc,
2075 3118 2151 3178 ut
2180 3114 2266 3178 ad
2293 3136 2430 3180 rem
2458 3136 2670 3179 meam
2699 3114 2986 3192 redeam,

572 3212 656 3279 L.
688 3213 988 3300 Papirius
1030 3214 1288 3296 Paetus,
1319 3217 1420 3283 vir
1458 3216 1666 3283 bonus
1710 3221 2085 3303 amatorque
2124 3222 2357 3296 noster,
2405 3217 2569 3282 mihi
2614 3216 2813 3283 libros
2858 3238 2988 3295 eos,

578 3467 728 3510 sorar,
753 3449 850 3513 Ep.
871 3452 899 3504 7
905 3455 950 3512 3,
971 3455 1015 3500 2.
1056 3451 1369 3503 Buttheabis
1382 3459 1471 3503 not
1482 3453 1599 3504 here
1613 3455 1735 3504 used

577 3516 632 3565 in
647 3515 734 3565 the
752 3531 885 3565 same
899 3533 977 3566 wa
1030 3534 1044 3577 ;
1080 3519 1264 3578 Sparta
1286 3518 1329 3568 is
1344 3519 1654 3582 personified,
1682 3535 1736 3569 as

580 3579 825 3645 referring
846 3586 899 3631 to
924 3588 937 3610 ‘
1012 3598 1038 3631 e
1059 3589 1170 3645 part
1230 3583 1285 3632 of
1306 3583 1392 3633 the
1414 3585 1709 3647 optimates)

646 3647 882 3706 Rhinton,
910 3653 965 3694 ut
987 3649 1159 3708 opinor
1254 3647 1347 3698 Sec
1369 3664 1435 3698 on
1456 3650 1563 3699 Att.
1590 3650 1625 3697 i.
1656 3652 1732 3708 19,

587 3713 645 3759 10
669 3709 783 3773 (Ep.
810 3713 974 3774 xxm).

650 3778 712 3825 oi
732 3775 848 3841 μὲν]
902 3778 915 3802 ⁴
934 3791 1067 3825 some
1089 3776 1145 3825 of
1164 3776 1250 3827 the
1273 3778 1534 3841 optimates
1556 3795 1640 3829 are
1661 3778 1737 3829 in-

585 3839 883 3904 significant,
908 3840 1074 3890 others
1095 3857 1177 3891 are
1199 3842 1521 3894 indifferent!

650 3922 681 3953 a
719 3913 885 3954 senatu
919 3909 1090 3967 quanti
1116 3909 1241 3969 fiam
1334 3913 1347 3936 ‘
1368 3908 1395 3956 Ι
1436 3924 1517 3958 am
1561 3908 1632 3973 by
1673 3923 1740 3958 no

584 3986 754 4019 means
775 3970 1067 4019 dissatisfled
1084 3971 1208 4019 with
1284 3987 1312 4020 e
1334 3972 1549 4034 position
1571 3973 1599 4023 1
1622 3973 1741 4023 hold

589 4035 643 4084 in
666 4036 750 4084 the
775 4035 1057 4084 estimation
1079 4035 1134 4084 of
1154 4035 1241 4085 the
1265 4040 1470 4086 senate.’

655 4108 703 4148 4.
743 4102 869 4150 Alia
903 4099 1007 4165 via]
1075 4099 1171 4149 We
1194 4116 1274 4150 see
1296 4100 1366 4165 by
1387 4102 1493 4151 Att.
1521 4101 1576 4151 ii.
1608 4105 1684 4162 13,
1711 4105 1740 4150 2

593 4163 728 4228 (xl.),
763 4165 875 4214 that
902 4165 986 4215 the
1025 4167 1128 4213 alia
1162 4168 1243 4213 via
1277 4171 1330 4214 to
1356 4166 1522 4216 which
1544 4167 1743 4216 Atticus

590 4229 766 4278 looked
787 4246 890 4279 was
911 4246 942 4279 a
961 4230 1107 4279 letter
1128 4234 1179 4279 to
1201 4230 1287 4279 the
1305 4229 1596 4296 Sicyonians
1612 4233 1637 4279 f
1640 4247 1743 4281 rom

590 4293 675 4342 the
698 4301 864 4344 senate
887 4310 943 4344 or
964 4294 1176 4344 consuls.

655 4375 801 4419 neque
827 4396 839 4407 .
870 4395 882 4407 .
915 4396 928 4408 .
946 4360 1237 4424 pertineret]
1298 4359 1390 4409 See
1411 4376 1477 4409 on
1497 4360 1593 4423 Ep.-
1620 4378 1741 4411 xxv.

593 4425 654 4480 93
689 4423 774 4473 the
798 4427 971 4485 populi
1005 4425 1143 4473 liberi
1176 4440 1305 4474 were
1339 4424 1557 4489 brought
1587 4428 1746 4476 under

590 4486 676 4535 the
709 4496 791 4537 act
821 4488 892 4552 by
922 4504 988 4538 an
1020 4489 1382 4540 inadvertence.

658 4554 706 4600 5.
744 4554 967 4602 Metellus
1002 4553 1138 4621 tum]
1206 4555 1273 4605 So
1308 4554 1543 4607 Metellus
1579 4572 1684 4607 was
1716 4573 1747 4606 a

1833 3452 1997 3502 friend
2027 3452 2082 3503 of
2114 3453 2312 3503 Atticus
2343 3469 2398 3503 as
2429 3453 2544 3503 well
2577 3469 2632 3504 as
2664 3452 2719 3503 of
2752 3451 2986 3502 Cicero—

1835 3518 2043 3568 another
2073 3534 2246 3568 reason
2277 3518 2399 3582 why
2429 3519 2516 3568 the
2545 3518 2766 3569 mention
2790 3517 2848 3567 of
2879 3517 2991 3566 Me-

1836 3583 1988 3633 tellus
2007 3583 2053 3632 is
2073 3583 2384 3647 appropriate
2405 3582 2461 3632 in
2482 3584 2589 3633 Att.
2613 3583 2651 3632 i.
2682 3587 2757 3646 18,
2790 3587 2835 3631 l.
2897 3581 2993 3632 See

1836 3648 1941 3698 also
1982 3664 2054 3697 or.
2103 3664 2193 3711 pro
2235 3647 2411 3711 Sesti0‚
2455 3652 2564 3709 131,
2612 3651 2731 3697 socio
2775 3648 2992 3697 laborum

1831 3716 2154 3774 periculorum
2192 3716 2490 3762 comitiormn
2527 3729 2749 3762 meorum.

1907 3777 2196 3843 ὑπώπιον]
2268 3782 2333 3827 ‘a
2375 3777 2480 3828 blot
2523 3794 2589 3827 on
2632 3778 2718 3828 the
2761 3776 2898 3827 fame
2940 3777 2995 3827 of

1841 3841 2141 3906 Pompeius‚'
2180 3842 2346 3893 whose
2372 3843 2572 3905 protiqi
2591 3843 2835 3892 Afranius
2869 3857 2989 3891 was.

1842 3907 1964 3957 This
1986 3910 2122 3957 word
2151 3907 2368 3972 literally
2392 3923 2562 3957 means
2603 3910 2617 3933 ‘
2636 3924 2668 3956 a
2688 3908 2836 3956 black
2859 3906 2990 3981 eye)

1841 3971 1949 4022 The
1983 3972 2133 4022 Latin
2167 3972 2466 4036 expression,
2500 3971 2666 4022 which
2706 3971 2808 4021 Cic.
2832 3972 2995 4035 might

1840 4037 1949 4101 just
1968 4053 2023 4086 as
2045 4038 2160 4086 well
2180 4037 2307 4086 have
2329 4039 2449 4086 used
2470 4036 2604 4095 here,
2637 4036 2681 4086 is
2709 4039 2957 4099 myillacio
2975 4053 2994 4093 ,-

1844 4117 1919 4150 we
1939 4101 2068 4151 have
2088 4104 2332 4165 suyillatio
2356 4104 2612 4164 consulum,
2646 4105 2660 4127 ‘
2678 4117 2744 4151 an
2763 4101 2923 4150 insult
2945 4109 2997 4151 to

1842 4167 1930 4215 the
1953 4167 2188 4228 consuls,'
2215 4166 2328 4216 Liv.
2352 4166 2478 4216 xliii.
2508 4171 2585 4226 14,
2612 4167 2658 4215 5.

1910 4234 1958 4279 6.
1993 4233 2117 4281 Puto
2142 4229 2210 4297 te]
2282 4230 2341 4279 ‘I
2378 4231 2533 4296 fancy
2568 4247 2668 4296 you
2704 4231 2881 4294 regat-d
2909 4245 2996 4293 my

1844 4295 1994 4346 Latin
2015 4297 2243 4360 writings
2259 4295 2383 4346 with
2403 4297 2656 4361 pleasure3
2683 4297 2776 4345 but
2797 4294 2950 4359 being
2969 4311 3000 4342 a

1847 4360 2023 4422 Greek,
2055 4377 2157 4426 you
2177 4362 2291 4411 look
2313 4377 2380 4411 on
2399 4361 2501 4411 this
2524 4360 2685 4411 Greek
2707 4376 2852 4425 essay
2873 4359 2998 4410 with

1844 4427 2013 4490 envy.'
2245 4453 2250 4460 ·

1913 4491 1958 4542 7.
1994 4497 2272 4553 amatorque

2358 4494 2372 4518 ⁴
2391 4506 2457 4540 an
2482 4489 2694 4540 admirer
2705 4489 2737 4552 3’
2765 4505 2935 4539 amam
2955 4487 3000 4538 is

1847 4561 1861 4585 ⁴
1879 4571 1945 4605 an
1981 4555 2212 4606 attached

2306 4556 2467 4606 'endt'
2508 4556 2578 4605 of.
2616 4561 2852 4605 amatores
2883 4552 3000 4605 huic
