3229 5145
901 469 1048 535 ΕΡ.
1096 469 1383 534 XXIII.
1437 469 1669 555 (ATT.
1716 469 1780 534 I.
1826 471 1963 554 17.)
2525 470 2656 535 219

242 643 520 708 ventum
547 644 645 708 est
670 641 950 709 maxime
979 665 1019 708 a
1044 641 1230 709 nobis
1259 641 1758 730 perfectumque,
1790 646 1865 709 ut
1887 641 2404 729 frequentissimo
2424 644 2654 709 senatu

244 749 317 811 et
342 743 769 813 libentissimo
796 748 1149 826 uterentur,
1190 746 1525 832 multaque
1560 770 1600 813 a
1639 769 1744 814 me
1780 747 1862 813 de
1896 747 2198 813 ordinum
2233 746 2554 833 dignitate
2588 750 2656 812 et

244 849 588 916 concordia
628 850 802 916 diota
851 853 1004 916 sunt
1045 848 1202 916 Kal.
1250 848 1589 917 Decembr.
1637 853 1704 916 et
1754 849 2079 936 postridie.
2170 849 2402 936 Neque
2446 848 2658 916 adhuc

244 974 353 1019 res
378 953 671 1020 confecta
696 956 814 1033 est,
842 955 959 1020 sed
985 953 1285 1019 voluntas
1312 956 1574 1020 senatus
1601 957 1950 1040 perspecta.
2019 952 2217 1019 Unus
2239 953 2414 1019 enim
2434 956 2657 1019 contra

246 1057 505 1123 dixerat
530 1056 840 1124 Metellus
877 1057 1099 1123 consul
1137 1057 1532 1144 designatus,
1584 1079 1733 1122 cum
1770 1060 1909 1123 erat
1954 1055 2413 1123 dicturus—ad
2463 1077 2658 1141 quem

246 1164 514 1246 propter
540 1160 670 1227 diei
697 1159 1079 1228 brevitatem
1105 1164 1488 1248 perventum
1517 1182 1653 1226 non
1692 1159 2060 1226 est—heros
2085 1159 2199 1225 ille
2226 1162 2443 1225 noster
2471 1158 2654 1225 Cato.

190 1326 202 1337 ,
250 1264 355 1329 10.
403 1261 512 1330 Sic
553 1286 677 1350 ego
721 1286 1100 1331 conservans
1138 1264 1456 1331 rationem
1488 1264 2090 1350 institutionemque
2129 1266 2418 1329 nostram
2450 1265 2659 1343 tueor,

247 1370 326 1433 ut
367 1389 648 1454 possum,
690 1367 876 1434 illam
932 1391 975 1434 a
1027 1388 1133 1434 me
1190 1366 1706 1455 conglutinatam
1763 1367 2185 1447 concordiam,
2246 1366 2359 1431 sed
2414 1369 2655 1447 tamen,

247 1471 558 1556 quoniam
598 1472 726 1538 ista
766 1474 922 1538 sunt
963 1474 1102 1537 tam
1142 1471 1421 1552 infima,
1465 1471 1762 1536 munitur
1804 1472 2122 1556 quaedam
2160 1467 2345 1535 nobis
2382 1469 2467 1536 ad
2504 1469 2657 1535 reti-

246 1576 497 1642 nendas
538 1598 690 1662 opes
731 1578 983 1643 nostras
1026 1578 1190 1657 tuta,
1234 1579 1312 1642 ut
1354 1596 1558 1662 spei-0,
1603 1574 1731 1654 via,
1777 1595 1974 1661 quam
2031 1572 2156 1640 tibi
2212 1573 2446 1640 litteris
2502 1573 2659 1639 satis

247 1678 568 1765 explicare
595 1701 730 1746 non
756 1701 1036 1766 possum,
1066 1678 1533 1767 significatione
1560 1700 1760 1765 parva
1789 1678 2126 1744 ostendam
2154 1681 2394 1743 tamen.
2483 1675 2662 1742 Utor

247 1780 560 1868 Pompeio
618 1782 1132 1852 familiarissime.
1223 1781 1435 1851 Video
1479 1781 1640 1868 quid
1684 1782 1876 1848 dicas.
1967 1778 2222 1847 Cavebo
2283 1802 2450 1865 quae
2505 1784 2660 1845 sunt

248 1886 536 1952 cavenda
574 1909 649 1953 ac
686 1886 957 1954 scribam
996 1886 1157 1953 alias
1207 1887 1292 1953 ad
1335 1889 1404 1953 te
1454 1886 1535 1952 de
1583 1885 1746 1952 meis
1785 1884 2064 1951 consiliis
2102 1884 2522 1971 capessendae
2563 1884 2658 1950 rei

248 1988 546 2075 publicae
570 1990 780 2078 plura.
871 1993 903 2057 1
917 1992 977 2061 1.
1023 1989 1377 2058 Lucceium
1418 1989 1578 2056 scito
1618 1988 2024 2055 consulatum
2061 1987 2296 2055 habere
2329 1988 2405 2054 in
2440 1987 2660 2054 animo

248 2093 472 2159 statim
512 2097 771 2179 petere:
818 2094 949 2161 duo
992 2094 1168 2160 enim
1210 2093 1332 2160 soli
1373 2093 1682 2160 dicuntur
1722 2092 2009 2179 petituri.
2100 2091 2335 2158 Caesar
2383 2113 2532 2158 cum
2582 2113 2660 2157 eo

249 2195 417 2263 coire
442 2218 559 2284 per
585 2196 858 2263 Anium
894 2198 1138 2284 cogitat
1175 2201 1243 2264 et
1280 2196 1561 2264 Bibulus
1603 2219 1751 2263 oum
1790 2196 1914 2263 hoc
1955 2218 2022 2263 se
2062 2199 2253 2282 putat
2295 2217 2411 2281 per
2439 2193 2514 2261 O.
2543 2193 2656 2260 Pi-

250 2320 471 2365 sonem
526 2322 711 2386 posse
770 2300 1099 2387 coniungi.
1208 2300 1413 2368 Rides
1431 2303 1464 2368 P
1567 2299 1726 2368 Non
1769 2304 1922 2366 sunt
1964 2299 2121 2365 haec
2160 2298 2451 2379 ridicula,
2495 2297 2660 2363 mihi

254 2403 456 2469 crede.
548 2402 727 2475 Quid
768 2404 949 2471 aliud
1006 2403 1282 2472 scribam
1339 2405 1424 2472 ad
1475 2408 1542 2471 te
1565 2405 1598 2470 P
1657 2405 1816 2491 quid
1834 2404 1867 2470 Ρ
1951 2402 2172 2469 Multa
2215 2405 2387 2484 sunt,
2431 2402 2546 2468 sed
2586 2401 2660 2467 in

254 2504 436 2572 aliud
489 2509 764 2594 tempus.
855 2507 930 2575 Si
988 2513 1326 2597 expectare
1382 2509 1562 2591 velis,
1625 2530 1806 2576 cures
1861 2512 1939 2576 ut
1996 2507 2212 2575 sciam.
2302 2505 2450 2574 Iam
2490 2504 2660 2572 fflud

255 2610 539 2678 modeste
601 2634 778 2699 rogo,
845 2613 1022 2700 quod
1084 2614 1369 2681 maxime
1434 2614 1642 2702 cupio,
1688 2617 1767 2681 ut
1821 2635 2019 2699 quam
2074 2612 2358 2699 primum
2414 2609 2658 2677 venias.

254 2711 467 2782 Nonis
507 2712 989 2783 Decembribus.

325 2920 403 2967 11.
439 2932 544 2966 oum
564 2917 636 2984 ω]
691 2917 953 2970 Lucceius.
1506 2920 1788 2973 sometimes
1828 2921 1962 2982 read,
2008 2918 2182 2969 would
2232 2933 2380 2968 mean
2438 2919 2453 2945 ‘
2469 2915 2516 2967 if
2557 2933 2660 2982 you

320 2997 426 3032 eum
442 2982 547 3048 hoo]
567 2981 811 3035 Lucceius
825 2985 1003 3049 again:
1028 3002 1133 3036 oum
1147 2986 1410 3037 hoowculd
1506 2986 1639 3038 wish
1659 3002 1739 3037 me
1759 2991 1813 3038 to
1834 2994 1949 3051 stay
1968 2984 2025 3035 in
2056 2985 2213 3035 Rome
2241 2982 2324 3034 un
2351 2997 2455 3047 you
2487 2987 2661 3033 return

256 3062 388 3097 seem
419 3053 474 3097 to
508 3047 643 3098 refer
670 3054 722 3099 to
749 3049 945 3110 Caesar,
977 3050 1072 3101 but
1102 3050 1205 3101 this
1237 3051 1282 3102 is
1314 3051 1409 3100 im-
1506 3051 1735 3102 thither!
1826 3052 2012 3112 Cicero,
2059 3066 2136 3100 we
2179 3049 2301 3110 find,
2348 3046 2532 3098 visited
2571 3047 2658 3097 the

258 3111 499 3174 poesib103
545 3111 629 3163 fm-
657 3113 744 3164 the
781 3130 936 3179 agene
1005 3115 1061 3165 of
1092 3115 1209 3166 Piso
1241 3117 1410 3166 would
1507 3122 1722 3182 country
1753 3115 1808 3165 in
1839 3116 1926 3166 the
1969 3115 2031 3164 be
2069 3114 2080 3125 ’
2157 3112 2170 3126 ‘
2292 3112 2349 3162 of
2387 3111 2476 3162 the
2519 3127 2656 3177 year.

257 3182 346 3227 not
363 3176 493 3227 have
513 3176 641 3228 been
660 3180 783 3230 used
812 3180 844 3230 b
912 3132 1123 3230 Byibulus
1151 3186 1206 3232 to
1240 3197 1410 3232 secure
1508 3181 1593 3232 He
1613 3198 1718 3232 was
1746 3181 1966 3231 desimus
1995 3195 2025 3229 o
2077 3178 2259 3242 timing
2290 3176 2371 3254 his
2400 3181 2574 3254 return
2602 3192 2659 3227 so

258 3240 342 3292 the
377 3249 707 3305 co-operation
745 3243 802 3294 of
867 3260 1022 3306 aesar,
1050 3245 1166 3295 who
1183 3257 1307 3296 ‘was
1344 3262 1412 3296 on
1507 3262 1563 3296 as
1593 3252 1648 3297 to
1679 3246 1742 3297 be
1774 3251 1828 3296 at
1860 3245 2019 3295 Rome
2049 3244 2197 3295 when
2230 3244 2429 3293 Atticus
2462 3242 2659 3294 arrived

258 3305 344 3356 the
367 3312 521 3356 ποι-υτ
540 3307 752 3370 possible
774 3315 926 3361 terms
946 3310 1075 3362 with
1096 3310 1212 3361 Piso
1241 3316 1295 3362 at
1323 3311 1410 3362 the
1506 3311 1665 3363 thero.

261 3370 381 3421 time
404 3371 527 3434 (Sal.
555 3372 665 3423 Ost.
690 3375 793 3437 49).
1572 3375 1798 3442 modesto]
1863 3375 1921 3426 of
1950 3373 2036 3425 the
2068 3388 2165 3423 uss
2196 3371 2241 3423 is
2272 3371 2552 3436 absolutely
2582 3387 2658 3421 re-

323 3436 382 3485 Si
413 3443 653 3498 expectare
683 3439 822 3504 vais]
885 3439 943 3490 M
964 3438 1111 3491 omits
1139 3442 1184 3490 ei
1198 3456 1222 3499 ;
1255 3440 1408 3491 Klotz
1509 3441 1684 3506 quired
1716 3440 1786 3507 by
1823 3440 1909 3490 the
1943 3439 2070 3490 need
2108 3438 2164 3489 of
2205 3454 2270 3487 an
2311 3436 2573 3488 antithesis
2606 3442 2662 3486 to

260 3500 436 3551 inserts
474 3500 516 3551 it
560 3503 689 3553 after
723 3511 978 3567 expectare,
1023 3505 1116 3556 but
1157 3505 1200 3555 it
1243 3506 1410 3556 would
1508 3508 1750 3567 maxima!
1783 3504 1954 3569 Orelli,
1972 3503 2097 3553 with
2115 3501 2371 3553 Manutius
2394 3502 2492 3552 and
2513 3500 2659 3551 Lam-

260 3581 393 3616 more
425 3565 581 3643 easily
602 3567 731 3618 have
762 3568 921 3620 fallen
942 3578 1031 3621 out
1050 3570 1181 3621 after
1204 3577 1405 3632 tempus.
1507 3570 1674 3634 binus,
1721 3572 1862 3621 reads
1905 3572 2091 3620 molesto
2132 3585 2245 3631 roqo
2279 3590 2320 3609 -ι
2357 3570 2371 3594 ‘
2387 3566 2415 3616 Ι
2454 3565 2661 3617 beseech

261 3629 367 3680 The
651 3632 711 3694 is,
741 3636 755 3661 ‘
774 3634 820 3683 if
883 3651 950 3686 ou
977 3651 1124 3685 mean
1144 3641 1198 3686 to
1218 3635 1411 3686 romain
1545 3652 1611 3686 ou
1633 3651 1760 3687 even
1778 3641 1833 3686 to
1856 3632 2223 3698 importunity.’
2291 3632 2400 3683 The
2431 3630 2660 3697 question

260 3694 436 3771 absent
455 3695 587 3746 from
598 3647 765 3773 ‚lionae
812 3698 824 3710 ‘
892 3716 995 3765 you
1023 3700 1145 3751 hear
1172 3700 1304 3751 from
1328 3716 1410 3752 me
1572 3709 1736 3752 tween
1755 3703 1955 3751 modeste
1982 3700 2082 3750 and
2114 3700 2301 3749 moleste
2329 3697 2479 3762 again
2506 3695 2660 3747 arises

260 3774 411 3876 mknow
430 3762 502 3850 §to
516 3761 852 3890 {gage-22?
867 3763 1312 3882 {unerlmr'fiilgfl
1330 3781 1411 3843 zue
1507 3764 1565 3816 in
1585 3767 1693 3817 Att.
1719 3764 1774 3824 ii.
1805 3770 1850 3830 1,
1878 3768 1927 3815 9.

414 3863 428 3875 ·
855 3846 902 3881 ει
953 3847 1008 3882 ve
1030 3847 1087 3896 u,
1146 3847 1193 3880 w
1365 3847 1410 3880 is
