3229 5145
503 460 647 527 276·
1147 458 1289 524 ΕΡ.
1338 457 1700 523 XXXIII.
1755 456 1987 541 (ATT.
2020 457 2126 523 ΙΙ.
2160 456 2249 541 6.)

497 634 652 701 novi
693 633 971 711 omnino,
1038 635 1103 699 et
1143 631 1452 718 quoniam
1492 630 1717 717 Nepos
1757 629 2194 717 proficiscitur,
2238 628 2499 696 cuinam
2542 632 2918 715 auguratus

499 736 842 817 deferatur,
883 758 1010 822 quo
1039 736 1299 822 quidem
1326 756 1460 801 uno
1499 757 1622 821 ego
1665 733 1749 800 ab
1776 733 1919 800 istis
1955 733 2100 819 capi
2126 754 2405 819 possum.
2495 732 2704 800 Vides
2740 734 2912 799 cari·

496 842 697 906 tatem
745 840 998 905 meam!
1088 837 1219 904 Sed
1262 838 1421 925 quid
1463 860 1585 924 ego
1629 836 1807 918 haec,
1855 858 2023 923 quae
2065 837 2253 923 cupio
2294 837 2614 923 deponere
2658 840 2726 902 et
2763 841 2916 903 toto

497 942 711 1010 animo
749 946 945 1029 atque
982 941 1161 1009 omni
1198 963 1353 1008 mira
1391 940 1820 1026 φιλοσοφεῖνΡ
1915 938 2042 1020 Sic,
2083 939 2373 1025 inquam,
2409 939 2481 1004 in
2522 939 2742 1006 animo
2783 943 2910 1006 est.

493 1045 750 1113 Vellem
778 1045 860 1112 ab
888 1044 1097 1112 initio.
1184 1043 1383 1112 Nunc
1409 1066 1580 1123 vero,
1617 1042 1922 1128 quoniam
1957 1064 2121 1128 quae
2147 1043 2378 1127 putavi
2405 1064 2540 1108 esse
2575 1042 2915 1129 praeclara

496 1152 796 1235 expertus
838 1170 981 1214 sum
1025 1169 1219 1234 quam
1263 1151 1472 1214 essent
1512 1146 1756 1226 inania,
1810 1167 1958 1212 cum
2000 1144 2299 1212 omnibus
2332 1144 2542 1211 Musis
2583 1146 2914 1213 rationem

494 1251 727 1318 habere
766 1251 995 1339 cogito.
1085 1252 1147 1316 3.
1193 1248 1300 1316 Tu
1333 1253 1552 1316 tamen
1588 1250 1669 1316 de
1700 1248 1922 1316 Curtio
1962 1250 2048 1315 ad
2089 1271 2195 1315 me
2231 1248 2507 1315 rescribe
2543 1249 2801 1330 certius,
2838 1254 2914 1316 et

493 1377 667 1421 nunc
688 1355 831 1441 quis
850 1355 922 1420 in
938 1355 1075 1420 eius
1090 1354 1302 1420 locum
1318 1355 1579 1439 paretur
1598 1355 1664 1419 et
1693 1352 1850 1438 quid
1873 1353 1954 1419 de
1982 1351 2060 1418 P.
2084 1351 2310 1419 Clodio
2343 1350 2546 1441 [fiat],
2571 1356 2638 1418 et
2661 1352 2912 1434 omnia,

493 1479 686 1543 quem
720 1459 810 1524 ad
845 1459 1114 1524 modum
1139 1456 1476 1544 polliceris,
1507 1458 1606 1523 ἐπὶ
1640 1456 1891 1543 σχολῆς
1920 1455 2141 1536 scribe,
2173 1459 2258 1537 et,
2291 1477 2418 1542 quo
2457 1456 2566 1521 die
2595 1454 2815 1522 Roma
2839 1459 2916 1523 te

492 1562 819 1628 exiturum
846 1565 1053 1648 putes,
1081 1561 1278 1627 velim
1308 1561 1394 1625 ad
1420 1581 1526 1625 me
1554 1558 1811 1638 scribas,
1839 1563 1918 1625 ut
1945 1559 2281 1626 certiorem
2307 1562 2375 1625 te
2401 1558 2642 1625 faciam
2670 1559 2917 1645 quibus

491 1665 564 1731 in
591 1665 746 1731 locis
774 1664 1034 1731 futurus
1061 1664 1203 1744 sim,
1235 1662 1698 1749 epistolamque
1725 1664 1946 1728 statim
1975 1663 2088 1729 des
2115 1663 2198 1729 de
2224 1662 2307 1728 iis
2332 1660 2545 1744 rebus,
2569 1663 2652 1729 de
2672 1662 2922 1750 quibus

495 1769 581 1835 ad
605 1771 673 1834 te
700 1768 940 1855 scripsi.
1028 1766 1243 1834 Valde
1269 1767 1444 1832 enim
1472 1768 1768 1853 exspecto
1796 1769 1943 1832 tuas
1970 1766 2241 1832 litteras.

754 2118 1110 2186 XXXIII.
1200 2119 1318 2186 ΤΟ
1362 2117 1783 2200 ATTIOUS,
1831 2141 1906 2185 m
1954 2118 2161 2186 Ronn
2211 2118 2404 2206 (ΑΠ’.
2437 2142 2514 2187 11.
2549 2121 2633 2207 s).

940 2344 1230 2403 Annum,
1275 2345 1339 2390 A.
1364 2345 1433 2389 U.
1459 2345 1515 2389 c.
1549 2343 1644 2391 695
1669 2348 1687 2404 ;
1735 2344 1796 2388 B.
1822 2345 1878 2389 c.
1911 2342 2012 2403 693
2058 2344 2211 2389 ΛΒΤ.
2236 2345 2358 2391 crc.
2383 2342 2467 2395 47.

600 2528 675 2580 M.
697 2528 869 2580 Cicero
893 2528 1059 2580 Attico
1080 2525 1327 2593 significat
1349 2530 1534 2593 quanto
1563 2540 1710 2590 opere
1736 2525 1997 2577 abhorreat
2016 2541 2049 2577 a
2071 2525 2328 2578 scribendo
2354 2525 2567 2587 animus,
2593 2525 2694 2578 sibi
2715 2527 2925 2580 difficile

500 2610 601 2661 iam
630 2610 790 2661 videri
823 2608 1172 2675 geographiam
1203 2607 1415 2659 scribere
1446 2606 1747 2673 omninoque
1779 2624 1832 2659 se
1866 2609 2015 2659 malle
2051 2608 2198 2658 Antii
2228 2624 2420 2660 cessare
2452 2625 2605 2673 quam
2638 2608 2922 2675 quidquam

500 2691 739 2757 gravioris
769 2691 929 2755 operis
960 2690 1222 2754 suscipere,
1252 2689 1386 2739 hunc
1417 2704 1667 2739 recessum
1695 2689 1792 2739 sibi
1820 2689 2031 2753 placere,
2058 2690 2299 2742 ἀνέκδοτα
2327 2706 2381 2741 se
2410 2705 2643 2756 pangere,
2679 2691 2826 2742 addit
2857 2692 2925 2742 de

501 2772 699 2838 negotio
722 2771 784 2830 Q.
800 2771 969 2823 fratris
990 2778 1041 2823 et
1064 2772 1126 2822 de
1147 2770 1296 2821 rebus
1318 2769 1614 2821 domesticis.

1327 2949 1588 3006 CICERO
1621 2949 1884 3006 ATTICO
1920 2951 2075 3007 SAL.

636 3110 693 3174 1.
742 3107 935 3180 Quod
989 3106 1113 3174 tibi
1169 3104 1597 3192 superioribus
1640 3106 1872 3173 litteris
1927 3107 2366 3193 promiseram,
2416 3106 2560 3174 fore
2616 3112 2697 3174 ut
2756 3131 2927 3197 opus

503 3214 782 3277 exstaret
818 3210 1011 3277 huius
1046 3209 1598 3298 peregrinationis,
1644 3209 1812 3275 nihil
1861 3210 1995 3277 iam
2051 3231 2292 3298 magno
2339 3232 2532 3297 opere
2581 3211 2921 3280 confirmo.

512 3425 592 3475 for
608 3424 749 3475 takin
805 3441 836 3475 a
854 3423 994 3475 bribe
1015 3424 1070 3475 of
1094 3427 1272 3488 10,000
1293 3424 1477 3475 talents
1497 3428 1551 3474 to
1570 3439 1653 3474 ne·
1754 3424 1972 3474 habuisse
1991 3425 2209 3483 rationis,
2234 3439 2326 3487 pro
2348 3424 2487 3475 Cael.
2514 3427 2596 3476 50.

514 3500 643 3541 εισι-ο
666 3491 757 3539 Pto
777 3506 855 3540 em
912 3489 1116 3541 Auletes
1134 3494 1188 3540 to
1208 3489 1395 3554 Egypt.
1822 3492 1868 3539 3.
1908 3491 1982 3538 Ίὶι
2015 3496 2170 3538 tamen
2198 3491 2254 3537 do
2284 3490 2473 3555 Gwrtio]
2543 3493 2558 3517 ‘
2580 3491 2670 3540 Yet
2704 3490 2928 3558 (though

580 3556 799 3604 Metellus
870 3552 1000 3620 epos]
1078 3554 1180 3605 had
1199 3561 1275 3604 set
1294 3560 1383 3604 out
1401 3557 1455 3603 to
1485 3568 1517 3602 a
1543 3568 1656 3616 pro·
1756 3552 1785 3603 I
1808 3552 1937 3603 have
1958 3553 2067 3617 just
2086 3553 2339 3617 profesaed
2354 3570 2444 3619 my
2457 3555 2850 3607 determination
2869 3564 2930 3609 ιο

515 3620 661 3671 vince
689 3634 744 3669 as
781 3623 1110 3683 pro-praetor,
1145 3620 1246 3669 and
1274 3635 1329 3669 so
1352 3617 1517 3668 would
1543 3632 1654 3692 pro·
1757 3617 1872 3682 give
1894 3634 1963 3681 up
1984 3617 2181 3682 politics
2201 3617 2284 3668 for
2301 3618 2626 3695 philosophy)
2695 3636 2766 3671 ou
2785 3628 2928 3673 must

514 3684 667 3749 bably
693 3689 783 3734 not
810 3683 872 3734 be
910 3683 1111 3744 chosen,
1157 3682 1350 3747 though
1391 3682 1455 3732 he
1494 3681 1658 3746 might
1754 3682 1845 3732 tell
1878 3698 1959 3733 me
1996 3683 2150 3733 about
2181 3682 2421 3746 eumuna
2459 3684 2550 3734 &c.
2619 3636 2731 3735 'rino
2766 3693 2932 3737 um

515 3749 644 3799 have
686 3748 813 3798 been
854 3749 1083 3812 co·opted
1121 3747 1177 3798 in
1212 3747 1292 3798 his
1334 3747 1559 3806 absence,
1601 3762 1659 3796 as
1760 3762 1916 3796 seems
1953 3751 2007 3797 to
2042 3763 2124 3798 me
2157 3753 2212 3798 ιο
2253 3747 2394 3799 show
2430 3748 2544 3800 that
2582 3749 2761 3801 Cicero
2804 3750 2932 3803 here

518 3814 646 3864 Boot
678 3813 923 3864 observes.
990 3812 1074 3863 He
1105 3812 1289 3874 would,
1323 3811 1368 3860 if
1399 3810 1455 3859 in
1483 3810 1658 3874 Rome,
1759 3826 1928 3861 recum
1958 3816 2013 3863 to
2042 3812 2130 3863 the
2163 3811 2349 3863 former
2378 3812 2641 3878 inquiries,
2676 3816 2782 3865 and
2813 3815 2933 3868 that

519 3878 770 3942 naturally
790 3877 920 3928 have
940 3876 1067 3927 been
1086 3876 1267 3927 chosen
1286 3882 1339 3925 to
1359 3875 1563 3925 succeed
1581 3874 1665 3924 his
1759 3892 1884 3926 nuno
1915 3879 2024 3939 quio
2057 3880 2113 3926 ὄοι
2146 3879 2246 3926 οἰκ-ς
2280 3880 2430 3927 locum
2442 3886 2652 3940 paretur
2676 3881 2842 3931 refers
2873 3887 2933 3932 ιο

521 3943 736 4005 brother,
766 3942 854 3992 the
883 3941 1053 3992 consul
1073 3941 1128 3991 of
1146 3941 1245 3990 last
1264 3955 1400 4004 year,
1426 3938 1539 3988 who
1561 3955 1665 3990 was
1761 3940 1849 3991 the
1880 3956 1912 3990 a
2071 3946 2140 4001 te,
2166 3944 2268 3990 eius
2299 3941 2454 4006 being
2485 3943 2726 3994 Metellus
2757 3944 2929 3996 Celer.

523 4024 637 4058 now
680 4007 805 4057 dead
845 4007 951 4071 (pro
1001 4004 1135 4055 Cael.
1182 4003 1285 4067 69).
1374 4002 1659 4062 Therefore,
1761 4005 1931 4055 About
2079 4005 2156 4056 ’us
2176 4005 2390 4071 nothing
2408 4008 2455 4057 is
2474 4007 2681 4058 known.
2755 4008 2814 4059 If
2839 4010 2933 4061 the

523 4067 1665 4135 Cicerosays,‘sinceNeposisofftohis
1762 4069 2935 4136 wordcmioissound,e5usshould,of

522 4135 914 4262 ffissssgffl’
807 4139 859 4185 ⁶⁰
887 4133 1058 4248 *20⁰3
1073 4130 1505 4260 ’Ἦξὲῑίἒὲιῗῗέῗ
1518 4132 1666 4248 Ξῗὲἓ
1762 4134 2111 4249 ΐᾼῗὲῗῗ
2129 4136 2527 4263 ῗωῇἒᾜὲῗ
2548 4137 2768 4253 Ξὲἑίῗῗ
2779 4154 2934 4255 mm

525 4264 646 4327 only
666 4263 770 4313 bait
790 4263 823 4314 b
880 4262 1047 4314 which
1117 4261 1264 4312 could
1283 4260 1345 4311 be
1365 4276 1423 4311 ca
1492 4259 1578 4311 ht:
1762 4261 1895 4324 here,
1921 4264 2021 4314 and
2048 4263 2171 4314 then
2201 4267 2303 4313 eius
2323 4267 2492 4317 would
2523 4265 2588 4317 be
2621 4268 2938 4319 understood

590 4331 833 4377 caritatem
944 4330 959 4355 ‘
979 4325 1072 4378 See
1091 4330 1146 4376 at
1165 4324 1304 4375 what
1331 4341 1363 4375 a
1383 4325 1474 4390 hig
1528 4323 1666 4389 price
1762 4336 1818 4377 to
1847 4326 1982 4378 refer
2004 4331 2059 4378 to
2088 4327 2326 4379 Metellus
2352 4330 2513 4382 Celer.
2579 4330 2811 4397 Perhaps
2843 4333 2935 4384 the

524 4390 555 4442 1
577 4392 803 4442 estimato
822 4390 1061 4455 myselfz'
1085 4390 1317 4440 seeAdn.
1344 4389 1466 4440 erit.
1762 4393 1925 4442 words
1962 4391 2074 4443 that
2114 4392 2292 4444 should
2336 4396 2485 4446 stand
2525 4394 2727 4448 instead
2773 4397 2837 4448 of
2878 4399 2938 4447 de

589 4457 1004 4506 rationemhabero
1095 4458 1666 4518 ‘tocarryoutransac-
1769 4457 2938 4529 Ouortioarenncunsuruo,meaning‘vhm

523 4519 979 4584 fionsvith,’oum
1131 4520 1669 4583 aliqu-‘audomaru-
1763 4521 2932 4586 youaretosetsail’forGrescetci.Att.
