3229 5145
906 445 1057 510 ΕΡ.
1103 444 1418 511 XXVII.
1472 445 1707 529 (ΔΤΥ.
1740 444 1846 508 ΙΙ.
1892 444 1986 528 1.)
2513 445 2642 509 239

238 619 576 708 pigmenta
624 617 1050 705 consumpsit:
1113 640 1305 703 quem
1354 621 1432 683 tu
1482 616 1820 703 Corcyrae,
1881 621 1957 682 ut
2003 615 2166 683 mihi
2217 616 2361 683 aliis
2405 616 2644 684 litteris

237 724 582 810 significas,
635 721 906 788 strictim
956 720 1253 807 attigisti,
1306 725 1449 807 post
1494 725 1733 799 autem,
1785 723 1863 785 ut
1907 719 2199 799 arbitror,
2259 743 2301 785 a
2351 720 2643 788 Cossinio

239 827 576 912 accepisti:
623 847 815 912 quem
845 823 969 891 tibi
995 846 1118 911 ego
1148 846 1279 890 non
1309 846 1510 891 essem
1549 846 1744 889 ausus
1781 823 2058 902 mittere,
2103 823 2231 889 nisi
2274 846 2425 889 eum
2467 825 2644 891 lente

237 953 316 996 ac
360 929 689 996 fastidiose
738 926 1189 1014 probavissem.
1296 928 1361 992 2.
1410 925 1828 1012 Quamquam
1867 927 1951 992 ad
1986 948 2090 992 me
2139 927 2461 1014 rescripsit
2509 927 2646 994 iam

243 1031 479 1100 Rhodo
507 1032 890 1099 Posidonius
932 1054 1018 1112 se,
1063 1035 1356 1097 nostrum
1384 1030 1553 1096 illud
1594 1031 1930 1116 ὑπόμνημα
1974 1053 2121 1096 611111
2159 1030 2424 1116 legeret,
2469 1032 2645 1117 quod

241 1158 367 1223 ego
405 1137 492 1202 ad
524 1158 693 1215 eum,
735 1139 811 1200 ut
850 1135 1136 1202 ornatius
1167 1134 1249 1201 de
1291 1134 1523 1201 iisdem
1560 1132 1753 1199 rebus
1788 1132 2110 1214 scriberet,
2149 1134 2470 1215 miseram,
2511 1157 2648 1202 non

244 1241 436 1306 modo
465 1261 597 1306 non
626 1239 979 1305 excitatum
1008 1260 1141 1304 esse
1172 1239 1257 1304 ad
1286 1236 1716 1316 scribendum,
1758 1237 1871 1301 sed
1898 1237 2096 1303 etiam
2123 1237 2317 1324 plane
2346 1238 2647 1324 perterri-

242 1349 406 1410 tum.
496 1342 676 1415 Quid
719 1343 970 1429 quaeris
988 1343 1021 1408 P
1064 1340 1444 1408 conturbavi
1481 1339 1796 1406 Graecam
1838 1340 2187 1406 nationem.
2279 1339 2408 1421 Ita,
2447 1341 2649 1428 vulgo

238 1448 360 1533 qui
406 1446 736 1513 instabant
780 1451 856 1512 ut
901 1447 1124 1512 darem
1168 1444 1292 1511 sibi
1345 1444 1519 1531 quod
1571 1448 1895 1525 ornarent,
1956 1444 2089 1510 iam
2138 1443 2439 1511 exhibere
2484 1444 2648 1510 mihi

240 1551 602 1618 molestiam
646 1551 1050 1617 destiterunt.
1141 1547 1266 1630 Tu,
1320 1549 1374 1614 si
1421 1547 1544 1615 tibi
1589 1547 1903 1635 placuerit
1946 1547 2128 1628 liber,
2179 1547 2429 1614 curabis
2466 1552 2542 1614 ut
2582 1554 2647 1613 et

241 1654 524 1723 Athenis
574 1656 657 1720 sit
705 1659 769 1721 et
818 1655 889 1719 in
935 1653 1159 1719 ceteris
1210 1652 1464 1739 oppidis
1510 1651 1833 1718 Graeciae.
1924 1650 2207 1718 Videtur
2252 1651 2427 1717 enim
2463 1673 2646 1738 posse

241 1758 489 1845 aliquid
524 1759 757 1825 nostris
783 1756 972 1824 rebus
997 1757 1161 1822 lucis
1187 1757 1459 1823 adferre.
1551 1758 1611 1820 3.
1660 1754 2115 1821 oratiunculas
2143 1759 2361 1821 autem
2389 1760 2455 1821 et
2488 1777 2649 1840 quas

242 1862 529 1950 postulas
566 1866 631 1928 et
668 1861 883 1947 plures
929 1861 1127 1927 etiam
1175 1860 1455 1939 mittam,
1505 1859 1813 1945 quoniam
1864 1859 2125 1945 quidem
2171 1882 2266 1939 ea,
2316 1882 2479 1946 quae
2529 1880 2648 1925 nos

241 1964 576 2031 scribimus
625 1964 1246 2031 adolescentulorum
1294 1962 1526 2030 studiis
1584 1962 1867 2043 excitati,
1925 1967 1992 2029 te
2049 1962 2247 2029 etiam
2300 1963 2640 2029 delectant.

242 2068 441 2156 [Fuit
469 2068 642 2134 enim
671 2067 833 2133 mihi
862 2068 1287 2147 commodum,
1320 2068 1494 2153 quod
1520 2066 1594 2132 in
1624 2067 1717 2133 eis
1746 2065 2161 2147 orationibus,
2193 2089 2357 2153 quae
2389 2066 2643 2154 Philip-

240 2172 420 2259 picae
462 2172 899 2251 nominantur,
945 2171 1265 2237 enituerat
1307 2170 1463 2236 civis
1503 2170 1618 2236 ille
1659 2175 1812 2236 tuus
1841 2169 2327 2250 Demosthenes,
2373 2174 2440 2237 et
2467 2172 2643 2257 quod

236 2297 308 2342 se
358 2274 440 2342 ab
492 2274 613 2341 hoc
656 2275 1092 2341 refractariolo
1148 2273 1439 2340 iudiciali
1497 2274 1755 2339 dicendi
1812 2295 2047 2360 genere
2105 2274 2508 2355 abiunxerat,
2567 2284 2644 2340 ut

238 2376 607 2464 σεμνότερός
654 2408 752 2453 τις
796 2382 862 2444 et
906 2378 1392 2463 πολιτικώτερος
1423 2377 1770 2457 videretur,
1810 2400 2033 2443 curare
2076 2382 2152 2443 ut
2179 2399 2360 2443 meae
2389 2400 2642 2464 quoque

237 2487 451 2548 essent
479 2481 815 2562 orationes,
847 2504 1010 2568 quae
1039 2481 1402 2548 consulares
1446 2481 1953 2546 nominarentur.
2045 2479 2340 2552 Quarum
2381 2503 2517 2546 una
2548 2488 2644 2547 est

238 2588 307 2652 in
340 2590 569 2653 senatu
596 2585 750 2652 Kal.
783 2585 1125 2667 Ianuariis,
1159 2586 1362 2652 altera
1392 2585 1479 2650 ad
1505 2584 1819 2671 populum
1848 2585 1930 2650 de
1957 2585 2102 2671 lege
2131 2584 2405 2671 agraria,
2451 2585 2645 2651 tertia

238 2691 324 2756 de
347 2689 621 2770 Othone,
645 2694 874 2775 quarta
893 2711 1010 2777 pro
1026 2688 1316 2770 Rabirio,
1349 2688 1580 2775 quinta
1608 2689 1690 2754 de
1712 2688 2211 2775 proscriptorum
2239 2688 2409 2768 filiis,
2441 2692 2644 2770 sexta,

236 2814 389 2860 cum
437 2793 831 2881 provinciam
888 2793 960 2859 in
1016 2794 1311 2860 contione
1368 2792 1657 2880 deposui,
1732 2792 2022 2878 septima,
2083 2814 2231 2858 cum
2291 2790 2644 2857 Catilinam

305 3030 517 3080 arietem
537 3028 776 3096 attigisti]
854 3030 1064 3080 ‘turned
1091 3046 1239 3080 over:
1259 3030 1273 3056 '
1310 3031 1379 3081 cf.

1482 3031 1561 3082 for
1572 3030 1729 3081 them.
1767 3028 1874 3080 The
1894 3034 2177 3093 arguments
2197 3028 2278 3080 for
2290 3028 2359 3080 its
2379 3029 2634 3094 spurious·

244 3093 322 3146 De
368 3094 454 3145 Or.
489 3093 543 3144 ii.
582 3097 695 3156 201,
737 3111 974 3158 perquam
1016 3096 1220 3145 breviter

242 3161 426 3209 strinxi
466 3166 610 3222 atque
650 3162 815 3222 attiqi,
865 3160 963 3209 and
1010 3175 1098 3222 pro
1132 3112 1380 3219 anhpgb:
1482 3094 2637 3221 ῗθλὲσῗῖωἱξοῖζᾶἓὲοῗιῗῖῒὲξξτξαὲὧζᾝ6

240 3226 467 3274 extremis
500 3231 555 3273 ut
576 3226 759 3273 dicitur
777 3227 830 3272 d·
863 3226 950 3273 itis
982 3227 1251 3287 attingunt.

307 3292 355 3339 2.
395 3288 716 3355 Quamquam]
800 3293 814 3317 ‘
868 3304 1089 3351 owever;
1113 3289 1128 3313 ’
1164 3289 1294 3348 here,
1329 3305 1385 3340 as

234 3353 383 3404 often
402 3353 457 3403 in
481 3353 607 3414 cio„
643 3370 929 3416 quamquam
949 3353 995 3402 is
1014 3354 1200 3418 merely
1222 3371 1252 3404 a
1270 3354 1384 3405 rhe-

243 3418 418 3469 torical
438 3417 642 3482 particle
664 3418 719 3467 of
740 3418 1018 3468 transition-

306 3486 354 3533 2.
407 3484 537 3540 Quid
574 3484 765 3545 quaeris
785 3486 811 3532 3
856 3481 1157 3548 conturbavi]
1229 3483 1326 3533 ‘In
1357 3498 1390 3534 a

241 3548 380 3598 word
426 3547 453 3596 1
474 3546 604 3597 have
626 3545 906 3597 astonishcd
919 3546 1054 3597 them
1077 3555 1169 3598 out
1191 3547 1247 3598 of
1259 3547 1390 3598 their

238 3584 397 3675 wita!
452 3611 510 3661 ‘1
559 3612 686 3661 have
733 3611 950 3675 brought
995 3612 1133 3662 them
1175 3617 1229 3663 to
1260 3613 1391 3662 their

243 3677 375 3727 wits'
403 3676 564 3727 end:‘
608 3676 675 3726 cf.
715 3676 856 3726 Fam.
891 3676 979 3725 vii.
1021 3680 1066 3738 3,
1113 3680 1157 3739 1,
1206 3679 1389 3729 Vidisti

239 3745 401 3791 muita
420 3742 749 3790 conturbatum
772 3748 826 3790 ut
840 3757 931 3790 non
946 3744 1245 3803 explicarem.
1281 3741 1389 3793 The

276 3822 362 3857 rev
398 3806 450 3817 ’'
550 3822 690 3856 sense
727 3805 783 3855 of
814 3807 1035 3855 conturbo
1068 3807 1114 3856 is
1151 3809 1234 3857 ‘to
1266 3822 1385 3857 con-

240 3823 423 3921 {usez’
473 3871 542 3920 cf.
580 3870 711 3920 Phil.
746 3870 801 3920 ii.
841 3873 920 3932 32,
956 3869 1088 3927 Quid
1120 3872 1235 3921 eet?
1266 3888 1389 3922 num

236 3936 465 3985 conturbo
485 3941 536 3985 te
553 3936 577 3985 Ρ
641 3935 752 3986 Non
777 3935 911 3985 enim
935 3972 947 3985 .
977 3972 991 3985 .
1021 3973 1033 3986 .
1060 3935 1321 4001 intellegis.

275 4002 499 4113 ἆαῑίᾳξιίᾱ
551 4037 565 4050 .
615 4037 629 4050 .
683 4036 696 4049 .
753 4000 895 4066 lucis]
982 4007 997 4030 ‘
1019 4016 1152 4052 some
1193 4000 1383 4062 lustre,'

244 4070 262 4093 ⁴
297 4068 410 4114 elac.

311 4132 357 4178 3.
382 4130 505 4179 Fuit
524 4130 653 4179 mim
674 4130 800 4179 mihi
821 4132 1105 4179 commodum
1120 4166 1133 4179 .
1153 4164 1167 4179 .
1185 4166 1200 4181 .
1224 4132 1386 4194 offere-

240 4193 374 4258 bam]
410 4194 571 4245 There
590 4211 674 4245 are
694 4211 845 4260 many
866 4211 1065 4245 reasons
1083 4194 1166 4244 for
1184 4210 1389 4259 suppos·

242 4257 333 4322 ing
360 4258 447 4310 the
476 4275 679 4323 passage
709 4260 936 4310 enclosed
958 4258 1135 4310 within
1163 4260 1389 4311 brackets

240 4329 297 4374 to
318 4324 379 4374 be
402 4323 644 4388 spurious.
704 4324 873 4382 Orelli,
890 4323 1004 4375 who
1025 4324 1314 4375 disbelieves
1334 4324 1391 4375 in

249 4387 337 4439 the
357 4389 689 4454 authenticity
711 4389 766 4439 of
780 4389 866 4439 the
888 4389 984 4439 last
1005 4389 1143 4439 three
1163 4389 1394 4453 speeches

244 4452 445 4518 against
483 4454 713 4517 Catiline,
756 4453 970 4504 ascribes
1013 4461 1064 4505 to
1100 4453 1217 4505 Tiro
1252 4454 1393 4505 those

239 4518 1394 4585 apeechenaswellasthispassagevouching

1481 3224 1718 3340 pai-odiet,
1744 3229 1802 3275 of
1814 3224 2011 3284 Cicero;
2043 3224 2109 3288 (2)
2127 3225 2463 3287 refractariolo
2488 3226 2526 3302 ζ(
2611 3255 2633 3267 ·

1504 3289 1681 3340 emical
1699 3289 1761 3354 ⁹),
1792 3291 2012 3352 abiunqo,
2055 3291 2506 3365 involqarwut(wh1
2590 3291 2637 3342 is

1483 3370 1516 3404 a
1548 3370 1686 3404 more
1721 3354 1956 3417 probable
1990 3360 2261 3404 correction
2293 3355 2417 3405 than
2449 3357 2632 3406 indica·

1486 3426 1604 3469 mne
1637 3418 1693 3468 of
1720 3421 2002 3468 invocarunt
2022 3417 2079 3467 of
2098 3418 2185 3468 the
2206 3418 2361 3484 Med.)
2398 3436 2481 3471 are
2511 3421 2637 3484 ἅπαξ

1489 3484 1721 3547 εἰρημένα
1734 3483 1788 3532 in
1806 3483 2006 3542 Cicero;
2040 3485 2089 3546 (3
2136 3483 2433 3546 σῶμαὶεηοὲ
2444 3485 2635 3551 rightly

1487 3549 1686 3612 applied
1718 3554 1771 3599 to
1808 3546 2039 3612 speeches
2146 3548 2269 3613 ving
2311 3564 2377 3598 no
2418 3549 2635 3601 intercal

1486 3613 1621 3664 bond
1649 3613 1705 3663 of
1726 3612 2018 3674 connexion,
2052 3611 2146 3662 but
2169 3613 2289 3678 only
2308 3614 2395 3664 the
2419 3618 2638 3665 external

1488 3693 1715 3728 common
1751 3678 1990 3729 attribute
2027 3677 2084 3727 of
2118 3677 2307 3744 having
2341 3678 2468 3729 been
2503 3679 2630 3729 deli-

1486 3743 1638 3794 vered
1658 3742 1713 3792 in
1732 3743 1818 3793 the
1849 3741 2104 3793 consulate
2135 3742 2193 3793 of
2214 3743 2398 3801 Cicero,
2435 3745 2503 3808 (4)
2525 3761 2633 3793 ora·

1489 3810 1640 3857 tiones
1660 3809 1926 3857 consulares
1953 3807 2132 3857 should
2160 3824 2304 3859 mean
2336 3815 2349 3838 ⁶
2367 3808 2636 3894 belonging

1487 3879 1540 3922 to
1560 3889 1591 3922 a
1612 3871 1822 3928 consul,’
1848 3887 1905 3922 or
1931 3875 1946 3900 ‘
1964 3872 2161 3938 worthy
2183 3872 2239 3923 of
2271 3889 2301 3923 a
2332 3873 2502 3923 consul
2559 3876 2634 3936 (as

1487 3938 1728 3986 consulare
1749 3938 1931 3985 dietum
1951 3936 2108 3988 below
2133 3974 2146 3997 ,
2170 3942 2259 3987 not
2283 3938 2558 3989 ‘delivered
2577 3938 2634 3988 in

1487 4001 1574 4052 the
1608 4001 1894 4065 consulship
1913 4017 1926 4062 ;
1944 4000 1958 4026 ’
1997 4001 2065 4066 (5)
2148 4018 2176 4053 6
2208 4001 2440 4053 omission
2466 4002 2522 4052 in
2546 4003 2633 4054 the

1489 4066 1577 4116 list
1596 4065 1652 4116 of
1671 4066 1759 4117 the
1780 4065 2012 4131 speeches
2029 4082 2121 4126 pro
2146 4070 2197 4116 C'.
2223 4068 2396 4116 Pisone
2425 4067 2524 4117 and
2536 4084 2633 4130 pro

1489 4131 1549 4181 L.
1575 4133 1802 4182 Harena.
1870 4130 1898 4180 I
1931 4131 2061 4180 have
2093 4129 2339 4182 therefore
2371 4131 2634 4183 bracketed

1487 4195 1574 4245 the
1600 4212 1807 4261 passage
1836 4195 1962 4246 with
1993 4194 2136 4245 Boot.
2202 4196 2320 4245 Fuit
2350 4198 2475 4245 milas·
2506 4213 2632 4247 oom-

1487 4262 1676 4310 modum
1717 4261 1763 4310 is
1809 4261 1868 4311 ‘I
1908 4258 2027 4311 took
2063 4274 2096 4308 a
2126 4258 2319 4325 fancy)
2387 4261 2495 4311 The
2525 4262 2636 4313 first

1487 4330 1590 4375 two
1621 4324 1851 4387 speeches
1881 4325 2099 4375 referred
2127 4329 2180 4374 to
2203 4339 2287 4375 are
2315 4323 2402 4375 the
2436 4329 2511 4377 lst
2539 4328 2639 4378 and

1491 4390 1589 4440 2nd
1620 4396 1784 4438 eontra
1815 4392 2028 4440 Rullum.

1557 4453 1775 4521 aemma]
1830 4451 2101 4515 ‘mmor’
2132 4452 2421 4507 ‘declinem’
