3229 5145
1016 475 1164 540 ΕΡ.
1212 475 1379 540 LII.
1428 472 1517 555 (A
1528 475 1658 539 Tr.
1705 475 1809 541 II.
1855 477 1988 563 25.)
2564 478 2692 544 323

284 645 619 714 fortissimi
660 648 828 714 senis
870 647 953 720 Q..
1001 646 1287 714 Gonsidii
1329 647 1740 715 discusserat:
1801 671 1896 729 ea,
1957 671 2153 735 quam
2195 649 2427 717 cotidie
2468 651 2696 718 timere

284 755 717 837 potueramus,
762 750 974 818 subito
1017 754 1240 818 exorta
1285 754 1401 818 est.
1492 751 1675 824 Quid
1714 752 1966 838 quaeris
1987 753 2020 819 Ρ
2061 752 2227 819 nihil
2268 775 2373 820 me
2413 753 2694 822 infczftu-

286 854 525 935 natius,
591 855 760 920 nihil
816 854 1212 921 fortunatius
1281 857 1379 921 est
1437 853 1670 921 Catulo
1728 877 1876 922 cum
1930 856 2267 942 splendore
2327 857 2499 923 vitae
2558 860 2701 923 tum

286 963 328 1034 †
346 957 469 1025 hoc
494 963 800 1045 tempore.
890 957 1033 1025 Nos
1058 962 1279 1024 tamen
1305 956 1377 1023 in
1404 956 1508 1024 his
1535 957 1808 1026 miseriis
1834 965 2041 1026 erecto
2071 960 2287 1027 animo
2329 964 2396 1027 et
2434 959 2700 1026 minime

284 1060 662 1147 perturbato
721 1084 959 1143 sumus,
1019 1061 1584 1147 honestissimeque
1644 1111 1660 1127 .
1710 1112 1727 1129 .
1775 1111 1791 1127 .
1851 1066 1922 1128 et
1979 1062 2363 1149 dignitatem
2419 1067 2701 1130 nomm

282 1185 527 1252 magna
568 1188 721 1231 cura
760 1169 1037 1231 tuemur.
1113 1166 1174 1230 5.
1220 1163 1567 1251 Pompeius
1608 1166 1692 1232 de
1734 1164 1959 1233 Olodio
2002 1165 2185 1233 iubet
2225 1188 2343 1234 nos
2384 1190 2516 1233 esse
2558 1168 2695 1234 sine

281 1288 439 1333 cura
478 1271 547 1334 et
587 1290 905 1334 summam
945 1268 1017 1333 in
1059 1290 1177 1335 nos
1216 1266 1730 1336 benevolentiam
1787 1269 1965 1334 omni
2007 1269 2295 1336 oratione
2354 1269 2694 1358 significat.

283 1369 380 1437 Te
423 1369 658 1438 habere
699 1371 1106 1437 consiliorum
1147 1376 1488 1453 auctorem,
1531 1372 2037 1440 sollicitudinum
2080 1373 2340 1453 socium,
2401 1373 2578 1439 omni
2627 1374 2699 1439 in

280 1474 673 1562 cogitatione
730 1475 1143 1541 coniunctum
1184 1475 1393 1562 cupio.
1513 1475 1665 1548 Qua
1711 1498 1803 1556 re,
1864 1479 1940 1542 ut
1981 1475 2324 1544 Numestio
2375 1477 2699 1559 mandavi,

8 1607 9 1650 3
281 1582 497 1644 tecum
526 1582 602 1644 ut
629 1584 868 1664 ageret,
898 1578 1075 1659 item,
1105 1582 1299 1665 atque
1327 1601 1422 1658 eo,
1453 1579 1508 1646 si
1536 1583 1768 1666 potest,
1798 1579 2023 1661 acrius,
2072 1583 2139 1646 te
2180 1601 2359 1668 rogO,
2404 1584 2480 1647 ut
2508 1580 2699 1668 plane

281 1682 369 1748 ad
395 1703 516 1748 nos
542 1681 820 1749 adv01es.
911 1681 1275 1768 nomm-0,
1306 1682 1361 1749 si
1389 1688 1456 1749 te
1483 1683 1724 1750 videro.

609 2086 772 2155 LII.
850 2085 968 2154 To
1014 2084 1438 2168 ATTIOUS,
1483 2108 1561 2153 m
1604 2085 1870 2153 Ermus
1919 2086 2113 2173 (Ar-r.
2145 2107 2221 2152 11.
2256 2089 2371 2174 25).

752 2313 960 2373 Rom,
1005 2313 1071 2358 A.
1104 2313 1174 2358 U.
1207 2313 1260 2357 C.
1295 2311 1428 2372 6953
1477 2312 1539 2359 Β.
1572 2312 1627 2358 Ο.
1660 2309 1761 2369 593
1808 2312 1957 2357 ΛΒΤ.
1991 2311 2112 2358 clo.
2144 2310 2227 2363 47.

275 2578 423 2640 darit,
449 2578 502 2628 id
523 2594 638 2629 eum
659 2579 722 2627 ad
743 2577 856 2628 illos
876 2576 1104 2639 scribere,
1136 2592 1235 2641 quo
1255 2577 1413 2641 magis
1434 2576 1512 2626 illi
1533 2575 1629 2626 sibi
1651 2575 2019 2641 gratificentur:
2056 2591 2108 2626 se
2129 2576 2229 2626 iam
2245 2575 2402 2627 Attici
2422 2579 2691 2631 adventum

376 2496 453 2547 M.
481 2494 654 2546 Cicero
673 2494 842 2546 Attico
873 2492 1122 2559 signifieat
1141 2509 1193 2544 se
1214 2493 1361 2559 velle,
1399 2494 1443 2545 si
1471 2494 1605 2558 apud
1634 2508 1751 2545 eum
1770 2493 1988 2560 aliquem
2008 2508 2074 2544 ex
2095 2493 2203 2545 eius
2229 2493 2559 2546 familiaribus
2579 2498 2692 2549 lau-

275 2666 590 2726 exspectare:
625 2675 685 2711 eo
705 2659 840 2710 enim
863 2658 961 2709 sibi
982 2658 1035 2709 iu
1057 2658 1237 2709 misera
1257 2657 1330 2709 rei
1351 2657 1581 2722 publicae
1599 2656 1887 2708 condicione
1909 2656 2124 2708 maxime
2146 2672 2268 2721 opus
2290 2673 2396 2709 esse
2419 2659 2591 2711 videri.

1123 2867 1387 2924 CICERO
1425 2867 1690 2924 ATTICO
1725 2868 1879 2923 SAL.

6 3026 7 3103 ἢ
412 3026 447 3091 1
460 3076 474 3090 .
521 3023 689 3090 Cum
732 3025 1013 3110 aliquem
1059 3024 1234 3110 apud
1276 3028 1341 3090 te
1385 3023 1652 3089 laudaro
1694 3028 1955 3090 tuorum
1994 3021 2430 3123 familiarium,
2475 3026 2686 3093 volam

6 3122 7 3163 ³
272 3129 461 3195 illum
490 3129 646 3195 scire
675 3152 756 3193 ex
784 3132 849 3193 te
876 3150 980 3193 me
1011 3127 1084 3193 id
1112 3126 1350 3206 fecisse,
1379 3131 1457 3193 ut
1484 3149 1693 3213 nuper
1724 3149 1829 3193 me
1875 3126 1995 3192 scis
2039 3125 2355 3212 scripsisse
2381 3128 2468 3192 ad
2496 3132 2564 3194 te
2602 3131 2682 3197 de

270 3231 585 3300 Varronis
625 3254 781 3317 erga
811 3254 916 3298 me
958 3231 1182 3312 offici0,
1226 3236 1292 3296 te
1334 3231 1418 3296 ad
1458 3253 1564 3297 me
1604 3229 1992 3317 rescripsisse
2034 3251 2177 3295 eam
2217 3251 2355 3296 rem
2396 3253 2680 3300 summae

270 3451 535 3504 Considius
558 3451 757 3515 replied,
784 3452 862 3503 ὅτι
886 3471 948 3513 με
971 3454 1105 3501 ποιεῖ
1120 3452 1190 3513 μὴ
1214 3454 1421 3515 ‹poeote-
1521 3454 1740 3500 context.
1830 3447 1957 3499 Boot
1999 3447 2185 3511 prefers
2228 3450 2398 3497 morth
2450 3457 2668 3515 temporo,

270 3524 347 3569 θαι
369 3520 430 3568 τὸ
452 3521 627 3580 γῆρας·
653 3518 792 3580 ὁγὰρ
815 3518 889 3566 ἔτι
911 3516 1214 3576 λειπόμενος
1229 3517 1341 3574 βίος
1364 3519 1421 3566 οὔ
1521 3515 1732 3591 quoting
1779 3513 1910 3563 from
1955 3512 2033 3563 De
2074 3513 2158 3563 Or.
2197 3512 2270 3562 iii.
2318 3517 2393 3572 12,
2434 3514 2521 3565 the
2545 3532 2669 3582 very

267 3587 483 3643 πολλῆς,
507 3583 681 3645 ὀλίγος
703 3585 782 3643 ὧν,
812 3585 967 3632 δεῖται
989 3582 1232 3657 προνοίας.
1520 3580 1710 3629 similar
1736 3593 1958 3642 passage,
1992 3594 2073 3653 equ
2105 3593 2212 3626 vero
2239 3584 2298 3635 te,
2331 3580 2510 3654 Crasse,
2548 3597 2662 3631 cum

332 3664 407 3707 aa,
443 3664 587 3710 quam
623 3646 815 3710 cotidie]
878 3645 988 3696 that
1017 3662 1076 3707 is,
1122 3649 1135 3673 ‘
1153 3662 1184 3696 a
1201 3646 1419 3706 sudioiae
1518 3644 1656 3694 vitae
1671 3644 1789 3694 flore
1804 3649 1913 3693 tum
1929 3649 2101 3692 mortis
2116 3650 2487 3705 opportunitate
2500 3647 2662 3695 divino

268 3712 544 3772 massam-e,⁹
561 3715 862 3775 consequent
882 3726 945 3760 on
962 3710 1046 3769 the
1066 3708 1417 3761 informations
1514 3711 1715 3759 oonsilio
1744 3715 1792 3758 et
1824 3714 1982 3758 ortum
2013 3714 2060 3756 et
2091 3709 2372 3757 exstinctum
2406 3725 2500 3758 esse
2531 3712 2660 3760 arbi-

264 3776 323 3827 of
351 3776 582 3829 Vettius:
619 3792 700 3825 see
731 3777 904 3833 above,
942 3778 1123 3823 iudicia
1141 3777 1257 3838 sore
1276 3777 1410 3824 vide-
1514 3780 1638 3824 tror.

267 3843 463 3891 bantur.
534 3842 626 3891 See
658 3842 790 3890 Adn.
827 3839 951 3890 Crit.
987 3840 1068 3889 for
1098 3855 1185 3904 my
1206 3839 1337 3890 view
1357 3839 1415 3890 of
1576 3836 2009 3901 honestissimeque]
2074 3836 2166 3886 See
2186 3835 2315 3886 Adn.
2341 3835 2463 3887 erit.

263 3906 351 3957 tho
382 3905 520 3971 right
550 3906 753 3967 reading
778 3905 913 3955 here.
1575 3904 1626 3953 6.
1662 3905 1774 3952 item
1873 3906 1958 3951 ‘as
1980 3900 2233 3975 eagerlyss·

327 3970 488 4037 nihil]
552 3971 775 4021 Another
804 3985 915 4020 case
946 3968 1003 4018 of
1022 3969 1255 4031 ἆβλσψία,
1293 3984 1406 4032 pre-
1571 3970 1621 4017 ei
1632 3975 1792 4031 potest
1885 3966 1977 4017 See
1999 3982 2064 4016 on
2085 3968 2193 4015 Att.
2216 3964 2270 4015 ri.
2295 3968 2371 4025 16,
2397 3968 2444 4016 2.

263 4035 383 4087 cisel
442 4036 632 4085 similar
650 4042 703 4085 to
724 4035 810 4085 the
831 4051 924 4085 one
940 4035 1049 4099 just
1070 4035 1253 4099 quoted
1272 4049 1285 4093 ;
1322 4033 1409 4084 the

264 4052 425 4151 νοτ-ιζ
460 4102 794 4164 infortunatus
824 4100 957 4149 nihil
986 4114 1069 4149 are
1111 4097 1317 4149 omitted
1353 4098 1409 4148 in
1576 4101 1623 4146 1.
1675 4099 1791 4146 acm
1833 4097 2042 4158 aliquem
2089 4130 2102 4143 .
2162 4131 2176 4144 .
2238 4129 2251 4142 .
2309 4096 2431 4143 satis
2459 4096 2651 4164 facere]

259 4165 347 4216 the
369 4181 488 4215 mss.
1510 4168 1525 4191 ⁴
1539 4161 1825 4211 Whenever
1838 4160 1865 4209 1
1879 4159 2021 4210 write
2037 4158 2091 4208 in
2106 4157 2265 4222 praise
2278 4158 2334 4208 of
2344 4174 2445 4223 any
2457 4160 2512 4209 of
2527 4176 2654 4225 your

328 4235 363 4290 †
381 4232 468 4280 Ιιοο
490 4237 579 4279 tem
613 4246 690 4279 ore
771 4229 980 4279 Mon-ns
1002 4234 1202 4290 compen
1222 4226 1266 4277 is
1287 4243 1405 4291 sug·
1506 4226 1699 4277 friends
1719 4225 1773 4275 in
1794 4241 1881 4289 my
1901 4225 2069 4274 letters
2091 4230 2142 4273 to
2165 4238 2279 4287 you,
2303 4222 2328 4272 Ι
2351 4223 2528 4273 should
2549 4226 2650 4278 like

469 4295 500 4344 b
730 4293 872 4343 inus:
915 4307 1059 4346 ouon
1098 4299 1301 4355 tempore
1338 4293 1407 4357 by
1506 4291 1620 4341 that
1637 4290 1803 4340 friend
1834 4296 1887 4339 to
1919 4290 1979 4338 be
2011 4288 2255 4338 informed
2274 4287 2345 4351 by
2366 4304 2467 4353 you
2487 4289 2599 4341 that
2620 4292 2649 4343 I

261 4296 433 4411 ἢεί.
502 4311 611 4409 ἶἸιο
646 4360 794 4409 latter
825 4358 869 4407 is
900 4359 987 4407 the
1016 4372 1149 4408 more
1177 4357 1334 4422 likely
1351 4362 1407 4407 to
1504 4355 1636 4407 have
1648 4356 1773 4405 done
1791 4370 1879 4429 so·;
1908 4353 1989 4403 for
2003 4353 2241 4428 instance,
2266 4367 2367 4416 you
2379 4355 2649 4406 remember

258 4424 388 4475 have
403 4424 530 4474 been
551 4424 808 4486 corrupted
830 4422 936 4472 into
959 4423 1041 4471 hoo
1063 4429 1283 4484 tempore,
1313 4420 1408 4472 but
1503 4420 1617 4471 that
1649 4418 1678 4469 I
1706 4419 1987 4468 mentioned
2015 4433 2068 4466 in
2096 4433 2127 4466 a
2154 4416 2300 4466 letter
2326 4422 2379 4467 to
2406 4434 2507 4484 you
2534 4419 2649 4471 how

260 4489 381 4541 then
403 4504 540 4539 some
562 4491 722 4539 words
742 4488 844 4537 like
864 4493 1080 4536 mortuus
1100 4494 1169 4536 ost
1190 4492 1325 4536 must
1343 4485 1408 4536 be
1505 4484 1623 4535 well
1643 4483 1799 4535 Varro
1826 4483 1924 4532 had
1953 4482 2175 4532 behaved
2196 4486 2256 4556 ‚to
2286 4498 2384 4543 me,
2418 4484 2518 4533 and
2548 4500 2651 4549 you

256 4553 501 4620 supplied,
515 4552 788 4605 whichcan
801 4552 980 4618 hardly
992 4551 1055 4603 be
1074 4551 1234 4602 found
1253 4550 1408 4602 inthe
1505 4548 1696 4614 replied
1715 4548 1827 4599 that
1845 4563 1949 4613 you
1962 4562 2090 4599 were
2111 4545 2364 4612 dehghted
2384 4550 2438 4599 to
2458 4547 2650 4602 hearit.

1409 4649 1515 4699 Y2
