<?xml version="1.0" encoding="UTF-8"?>
<!DOCTYPE html PUBLIC "-//W3C//DTD XHTML 1.0 Transitional//EN"
    "http://www.w3.org/TR/xhtml1/DTD/xhtml1-transitional.dtd">
<html xmlns="http://www.w3.org/1999/xhtml" xml:lang="en" lang="en">
 <head>
  <title>
</title>
<meta http-equiv="Content-Type" content="text/html;charset=utf-8" />
  <meta name='ocr-system' content='tesseract 3.04.00' />
  <meta name='ocr-capabilities' content='ocr_page ocr_carea ocr_par ocr_line ocrx_word'/>
</head>
<body>
  <div class='ocr_page' id='page_1' title='image "./correspondencem02pursgoog_0322.png"; bbox 0 0 3229 5145; ppageno 0'>
   <div class='ocr_carea' id='block_1_1' title="bbox 543 450 2227 555">
    <p class='ocr_par' dir='ltr' id='par_1_1' title="bbox 543 450 2227 555">
     <span class='ocr_line' id='line_1_1' title="bbox 543 450 2227 555; baseline 0.001 -42"><span class='ocrx_word' id='word_1_1' title='bbox 543 452 673 513; x_wconf 82' lang='lat'>296</span> <span class='ocrx_word' id='word_1_2' title='bbox 1082 547 1091 555; x_wconf 82' lang='lat'>.</span> <span class='ocrx_word' id='word_1_3' title='bbox 1210 452 1352 516; x_wconf 74' lang='grc' dir='ltr'>ΕΡ.</span> <span class='ocrx_word' id='word_1_4' title='bbox 1403 452 1636 516; x_wconf 74' lang='lat' dir='ltr'><strong><em>XLJJ.</em></strong></span> <span class='ocrx_word' id='word_1_5' title='bbox 1691 451 1923 535; x_wconf 71' lang='grc' dir='ltr'><strong>(ΑΠ’.</strong></span> <span class='ocrx_word' id='word_1_6' title='bbox 1956 451 2061 515; x_wconf 87' lang='lat' dir='ltr'>II.</span> <span class='ocrx_word' id='word_1_7' title='bbox 2092 450 2227 537; x_wconf 86' lang='lat'>15.)</span> 
     </span>
    </p>
   </div>
   <div class='ocr_carea' id='block_1_2' title="bbox 541 617 2958 2055">
    <p class='ocr_par' dir='ltr' id='par_1_2' title="bbox 541 617 2958 2055">
     <span class='ocr_line' id='line_1_2' title="bbox 548 617 2954 711; baseline -0.002 -24"><span class='ocrx_word' id='word_1_8' title='bbox 548 624 717 711; x_wconf 85' lang='lat' dir='ltr'>lego,</span> <span class='ocrx_word' id='word_1_9' title='bbox 747 628 830 705; x_wconf 89' lang='lat' dir='ltr'>et,</span> <span class='ocrx_word' id='word_1_10' title='bbox 862 630 938 691; x_wconf 91' lang='lat' dir='ltr'>ut</span> <span class='ocrx_word' id='word_1_11' title='bbox 967 625 1041 690; x_wconf 82' lang='lat' dir='ltr'>fit</span> <span class='ocrx_word' id='word_1_12' title='bbox 1069 625 1140 690; x_wconf 94' lang='lat' dir='ltr'>in</span> <span class='ocrx_word' id='word_1_13' title='bbox 1170 624 1370 690; x_wconf 91' lang='lat' dir='ltr'>tantis</span> <span class='ocrx_word' id='word_1_14' title='bbox 1398 623 1609 705; x_wconf 89' lang='lat' dir='ltr'>rebus,</span> <span class='ocrx_word' id='word_1_15' title='bbox 1640 625 1833 691; x_wconf 92' lang='lat' dir='ltr'>modo</span> <span class='ocrx_word' id='word_1_16' title='bbox 1862 623 2003 704; x_wconf 89' lang='lat' dir='ltr'>hoo,</span> <span class='ocrx_word' id='word_1_17' title='bbox 2034 624 2226 690; x_wconf 92' lang='lat' dir='ltr'>modo</span> <span class='ocrx_word' id='word_1_18' title='bbox 2247 622 2413 688; x_wconf 91' lang='lat' dir='ltr'>illud</span> <span class='ocrx_word' id='word_1_19' title='bbox 2441 620 2686 688; x_wconf 88' lang='lat' dir='ltr'>audire.</span> <span class='ocrx_word' id='word_1_20' title='bbox 2768 617 2954 684; x_wconf 80' lang='lat' dir='ltr'>mad</span> 
     </span>
     <span class='ocr_line' id='line_1_3' title="bbox 541 723 2954 815; baseline -0.002 -22"><span class='ocrx_word' id='word_1_21' title='bbox 541 732 760 794; x_wconf 90' lang='lat' dir='ltr'>tamen</span> <span class='ocrx_word' id='word_1_22' title='bbox 804 729 1121 815; x_wconf 81' lang='lat' dir='ltr'>explicare</span> <span class='ocrx_word' id='word_1_23' title='bbox 1163 751 1296 794; x_wconf 94' lang='lat' dir='ltr'>non</span> <span class='ocrx_word' id='word_1_24' title='bbox 1324 750 1603 815; x_wconf 85' lang='lat' dir='ltr'>possum,</span> <span class='ocrx_word' id='word_1_25' title='bbox 1649 727 1960 814; x_wconf 86' lang='lat' dir='ltr'>quidnam</span> <span class='ocrx_word' id='word_1_26' title='bbox 1988 727 2277 793; x_wconf 88' lang='lat' dir='ltr'>invenire</span> <span class='ocrx_word' id='word_1_27' title='bbox 2315 725 2516 813; x_wconf 88' lang='lat' dir='ltr'>possit</span> <span class='ocrx_word' id='word_1_28' title='bbox 2544 723 2728 790; x_wconf 90' lang='lat' dir='ltr'>nullo</span> <span class='ocrx_word' id='word_1_29' title='bbox 2770 745 2954 788; x_wconf 87' lang='lat' dir='ltr'>recu·</span> 
     </span>
     <span class='ocr_line' id='line_1_4' title="bbox 544 826 2956 918; baseline -0.002 -21"><span class='ocrx_word' id='word_1_30' title='bbox 544 834 727 897; x_wconf 85' lang='lat' dir='ltr'>sante</span> <span class='ocrx_word' id='word_1_31' title='bbox 777 832 860 897; x_wconf 91' lang='lat' dir='ltr'>ad</span> <span class='ocrx_word' id='word_1_32' title='bbox 899 831 1273 897; x_wconf 76' lang='lat' dir='ltr'><strong>facultatem</strong></span> <span class='ocrx_word' id='word_1_33' title='bbox 1323 830 1666 918; x_wconf 78' lang='lat' dir='ltr'><strong>agrariam.</strong></span> <span class='ocrx_word' id='word_1_34' title='bbox 1756 832 1819 898; x_wconf 77' lang='lat'>2.</span> <span class='ocrx_word' id='word_1_35' title='bbox 1867 829 2094 897; x_wconf 90' lang='lat' dir='ltr'>Bibuli</span> <span class='ocrx_word' id='word_1_36' title='bbox 2140 836 2356 896; x_wconf 90' lang='lat' dir='ltr'>autem</span> <span class='ocrx_word' id='word_1_37' title='bbox 2399 830 2526 894; x_wconf 90' lang='lat' dir='ltr'>ista</span> <span class='ocrx_word' id='word_1_38' title='bbox 2562 826 2956 913; x_wconf 77' lang='lat' dir='ltr'><strong>magnitudo</strong></span> 
     </span>
     <span class='ocr_line' id='line_1_5' title="bbox 544 927 2956 1020; baseline -0.002 -21"><span class='ocrx_word' id='word_1_39' title='bbox 544 933 743 999; x_wconf 92' lang='lat' dir='ltr'>animi</span> <span class='ocrx_word' id='word_1_40' title='bbox 772 934 843 999; x_wconf 93' lang='lat' dir='ltr'>in</span> <span class='ocrx_word' id='word_1_41' title='bbox 880 934 1281 1000; x_wconf 88' lang='lat' dir='ltr'>comitiorum</span> <span class='ocrx_word' id='word_1_42' title='bbox 1321 934 1631 1001; x_wconf 82' lang='lat' dir='ltr'>dilatione</span> <span class='ocrx_word' id='word_1_43' title='bbox 1663 933 1822 1020; x_wconf 90' lang='lat' dir='ltr'>quid</span> <span class='ocrx_word' id='word_1_44' title='bbox 1848 933 2045 1000; x_wconf 89' lang='lat' dir='ltr'>habet</span> <span class='ocrx_word' id='word_1_45' title='bbox 2073 933 2202 999; x_wconf 92' lang='lat' dir='ltr'>nisi</span> <span class='ocrx_word' id='word_1_46' title='bbox 2213 932 2431 1020; x_wconf 68' lang='lat' dir='ltr'>,ipsius</span> <span class='ocrx_word' id='word_1_47' title='bbox 2464 930 2779 997; x_wconf 85' lang='lat' dir='ltr'>iudicium</span> <span class='ocrx_word' id='word_1_48' title='bbox 2815 927 2956 993; x_wconf 91' lang='lat' dir='ltr'>sine</span> 
     </span>
     <span class='ocr_line' id='line_1_6' title="bbox 543 1031 2953 1125; baseline -0.002 -22"><span class='ocrx_word' id='word_1_49' title='bbox 543 1037 681 1103; x_wconf 91' lang='lat' dir='ltr'>ulla</span> <span class='ocrx_word' id='word_1_50' title='bbox 709 1039 1090 1105; x_wconf 87' lang='lat' dir='ltr'>correctione</span> <span class='ocrx_word' id='word_1_51' title='bbox 1118 1039 1212 1104; x_wconf 91' lang='lat' dir='ltr'>rei</span> <span class='ocrx_word' id='word_1_52' title='bbox 1240 1037 1534 1125; x_wconf 91' lang='lat' dir='ltr'>publicae</span> <span class='ocrx_word' id='word_1_53' title='bbox 1557 1039 1591 1105; x_wconf 79' lang='grc' dir='ltr'>Ρ</span> <span class='ocrx_word' id='word_1_54' title='bbox 1677 1037 2011 1105; x_wconf 79' lang='lat' dir='ltr'><strong>Nimirum</strong></span> <span class='ocrx_word' id='word_1_55' title='bbox 2038 1037 2109 1103; x_wconf 94' lang='lat' dir='ltr'>in</span> <span class='ocrx_word' id='word_1_56' title='bbox 2132 1036 2367 1103; x_wconf 91' lang='lat' dir='ltr'>Publio</span> <span class='ocrx_word' id='word_1_57' title='bbox 2396 1056 2541 1121; x_wconf 91' lang='lat' dir='ltr'>spes</span> <span class='ocrx_word' id='word_1_58' title='bbox 2568 1038 2684 1100; x_wconf 88' lang='lat' dir='ltr'>est.</span> <span class='ocrx_word' id='word_1_59' title='bbox 2775 1031 2953 1111; x_wconf 82' lang='lat' dir='ltr'>Fiat,</span> 
     </span>
     <span class='ocr_line' id='line_1_7' title="bbox 545 1138 2951 1228; baseline -0.002 -22"><span class='ocrx_word' id='word_1_60' title='bbox 545 1140 663 1208; x_wconf 88' lang='lat' dir='ltr'>flat</span> <span class='ocrx_word' id='word_1_61' title='bbox 690 1140 989 1210; x_wconf 87' lang='lat' dir='ltr'>tribunus</span> <span class='ocrx_word' id='word_1_62' title='bbox 1031 1142 1146 1228; x_wconf 90' lang='lat' dir='ltr'>pl.,</span> <span class='ocrx_word' id='word_1_63' title='bbox 1192 1141 1246 1207; x_wconf 88' lang='lat' dir='ltr'>si</span> <span class='ocrx_word' id='word_1_64' title='bbox 1274 1141 1440 1207; x_wconf 87' lang='lat' dir='ltr'><strong>nihil</strong></span> <span class='ocrx_word' id='word_1_65' title='bbox 1469 1141 1671 1223; x_wconf 85' lang='lat' dir='ltr'>aliud,</span> <span class='ocrx_word' id='word_1_66' title='bbox 1716 1146 1794 1209; x_wconf 88' lang='lat' dir='ltr'>ut</span> <span class='ocrx_word' id='word_1_67' title='bbox 1821 1163 1897 1209; x_wconf 90' lang='lat' dir='ltr'>eo</span> <span class='ocrx_word' id='word_1_68' title='bbox 1939 1141 2129 1208; x_wconf 88' lang='lat' dir='ltr'>citius</span> <span class='ocrx_word' id='word_1_69' title='bbox 2154 1145 2232 1206; x_wconf 80' lang='lat' dir='ltr'>tu</span> <span class='ocrx_word' id='word_1_70' title='bbox 2266 1162 2347 1206; x_wconf 86' lang='lat' dir='ltr'>ex</span> <span class='ocrx_word' id='word_1_71' title='bbox 2376 1138 2581 1225; x_wconf 86' lang='lat' dir='ltr'>Epiro</span> <span class='ocrx_word' id='word_1_72' title='bbox 2609 1138 2951 1203; x_wconf 73' lang='lat' dir='ltr'>revertare.</span> 
     </span>
     <span class='ocr_line' id='line_1_8' title="bbox 547 1239 2956 1332; baseline -0.002 -23"><span class='ocrx_word' id='word_1_73' title='bbox 547 1242 745 1324; x_wconf 90' lang='lat' dir='ltr'>Nam,</span> <span class='ocrx_word' id='word_1_74' title='bbox 777 1248 853 1310; x_wconf 88' lang='lat' dir='ltr'>ut</span> <span class='ocrx_word' id='word_1_75' title='bbox 882 1245 995 1311; x_wconf 91' lang='lat' dir='ltr'>illo</span> <span class='ocrx_word' id='word_1_76' title='bbox 1024 1249 1102 1311; x_wconf 83' lang='lat' dir='ltr'>tu</span> <span class='ocrx_word' id='word_1_77' title='bbox 1130 1267 1362 1324; x_wconf 87' lang='lat' dir='ltr'>careas,</span> <span class='ocrx_word' id='word_1_78' title='bbox 1400 1266 1534 1311; x_wconf 92' lang='lat' dir='ltr'>non</span> <span class='ocrx_word' id='word_1_79' title='bbox 1564 1245 1752 1311; x_wconf 88' lang='lat' dir='ltr'>video</span> <span class='ocrx_word' id='word_1_80' title='bbox 1782 1267 1962 1332; x_wconf 86' lang='lat' dir='ltr'>posse</span> <span class='ocrx_word' id='word_1_81' title='bbox 1991 1244 2148 1324; x_wconf 86' lang='lat' dir='ltr'>fieri,</span> <span class='ocrx_word' id='word_1_82' title='bbox 2194 1242 2570 1331; x_wconf 89' lang='lat' dir='ltr'>praesertim</span> <span class='ocrx_word' id='word_1_83' title='bbox 2607 1239 2666 1306; x_wconf 92' lang='lat' dir='ltr'>si</span> <span class='ocrx_word' id='word_1_84' title='bbox 2701 1260 2956 1305; x_wconf 87' lang='lat' dir='ltr'>mecum</span> 
     </span>
     <span class='ocr_line' id='line_1_9' title="bbox 546 1341 2955 1435; baseline -0.003 -22"><span class='ocrx_word' id='word_1_85' title='bbox 546 1347 793 1433; x_wconf 89' lang='lat' dir='ltr'>aliquid</span> <span class='ocrx_word' id='word_1_86' title='bbox 820 1348 992 1414; x_wconf 83' lang='lat' dir='ltr'>volet</span> <span class='ocrx_word' id='word_1_87' title='bbox 1021 1348 1369 1434; x_wconf 86' lang='lat' dir='ltr'>disputare.</span> <span class='ocrx_word' id='word_1_88' title='bbox 1460 1347 1587 1414; x_wconf 84' lang='lat' dir='ltr'>Sed</span> <span class='ocrx_word' id='word_1_89' title='bbox 1628 1350 1699 1415; x_wconf 93' lang='lat' dir='ltr'>id</span> <span class='ocrx_word' id='word_1_90' title='bbox 1741 1349 2001 1435; x_wconf 86' lang='lat' dir='ltr'>quidem</span> <span class='ocrx_word' id='word_1_91' title='bbox 2039 1370 2170 1415; x_wconf 89' lang='lat' dir='ltr'>non</span> <span class='ocrx_word' id='word_1_92' title='bbox 2200 1346 2471 1413; x_wconf 91' lang='lat' dir='ltr'>dubium</span> <span class='ocrx_word' id='word_1_93' title='bbox 2509 1348 2627 1423; x_wconf 86' lang='lat' dir='ltr'>est,</span> <span class='ocrx_word' id='word_1_94' title='bbox 2674 1342 2857 1430; x_wconf 92' lang='lat' dir='ltr'>quin,</span> <span class='ocrx_word' id='word_1_95' title='bbox 2902 1341 2955 1406; x_wconf 90' lang='lat' dir='ltr'>si</span> 
     </span>
     <span class='ocr_line' id='line_1_10' title="bbox 544 1447 2958 1536; baseline -0.003 -19"><span class='ocrx_word' id='word_1_96' title='bbox 544 1451 703 1536; x_wconf 91' lang='lat' dir='ltr'>quid</span> <span class='ocrx_word' id='word_1_97' title='bbox 731 1451 852 1516; x_wconf 91' lang='lat' dir='ltr'>erit</span> <span class='ocrx_word' id='word_1_98' title='bbox 882 1452 1018 1516; x_wconf 91' lang='lat' dir='ltr'>eius</span> <span class='ocrx_word' id='word_1_99' title='bbox 1044 1452 1238 1530; x_wconf 89' lang='lat' dir='ltr'>modi,</span> <span class='ocrx_word' id='word_1_100' title='bbox 1270 1451 1356 1516; x_wconf 89' lang='lat' dir='ltr'>sis</span> <span class='ocrx_word' id='word_1_101' title='bbox 1385 1452 1819 1519; x_wconf 84' lang='lat' dir='ltr'>advolaturus.</span> <span class='ocrx_word' id='word_1_102' title='bbox 1904 1451 2152 1521; x_wconf 91' lang='lat' dir='ltr'>Verum</span> <span class='ocrx_word' id='word_1_103' title='bbox 2181 1455 2259 1517; x_wconf 90' lang='lat' dir='ltr'>ut</span> <span class='ocrx_word' id='word_1_104' title='bbox 2285 1450 2408 1517; x_wconf 88' lang='lat' dir='ltr'>hoo</span> <span class='ocrx_word' id='word_1_105' title='bbox 2437 1471 2570 1515; x_wconf 91' lang='lat' dir='ltr'>non</span> <span class='ocrx_word' id='word_1_106' title='bbox 2598 1447 2704 1527; x_wconf 85' lang='lat' dir='ltr'>sit,</span> <span class='ocrx_word' id='word_1_107' title='bbox 2733 1450 2958 1512; x_wconf 80' lang='lat' dir='ltr'>tamen</span> 
     </span>
     <span class='ocr_line' id='line_1_11' title="bbox 545 1547 2956 1643; baseline -0.002 -24"><span class='ocrx_word' id='word_1_108' title='bbox 545 1553 678 1620; x_wconf 80' lang='lat' dir='ltr'>sive</span> <span class='ocrx_word' id='word_1_109' title='bbox 706 1563 851 1620; x_wconf 92' lang='lat' dir='ltr'>ruet</span> <span class='ocrx_word' id='word_1_110' title='bbox 891 1554 1023 1620; x_wconf 89' lang='lat' dir='ltr'>sive</span> <span class='ocrx_word' id='word_1_111' title='bbox 1066 1555 1270 1640; x_wconf 80' lang='lat' dir='ltr'>eriget</span> <span class='ocrx_word' id='word_1_112' title='bbox 1306 1577 1442 1621; x_wconf 93' lang='lat' dir='ltr'>rem</span> <span class='ocrx_word' id='word_1_113' title='bbox 1485 1554 1830 1641; x_wconf 89' lang='lat' dir='ltr'>publicam,</span> <span class='ocrx_word' id='word_1_114' title='bbox 1874 1555 2273 1643; x_wconf 89' lang='lat' dir='ltr'>praeclarum</span> <span class='ocrx_word' id='word_1_115' title='bbox 2316 1551 2754 1640; x_wconf 76' lang='lat' dir='ltr'>spectaculum</span> <span class='ocrx_word' id='word_1_116' title='bbox 2794 1547 2956 1613; x_wconf 87' lang='lat' dir='ltr'>mihi</span> 
     </span>
     <span class='ocr_line' id='line_1_12' title="bbox 544 1652 2958 1746; baseline -0.003 -22"><span class='ocrx_word' id='word_1_117' title='bbox 544 1679 831 1744; x_wconf 88' lang='lat' dir='ltr'>propono</span> <span class='ocrx_word' id='word_1_118' title='bbox 905 1659 1097 1723; x_wconf 92' lang='lat' dir='ltr'>modo</span> <span class='ocrx_word' id='word_1_119' title='bbox 1178 1663 1242 1723; x_wconf 85' lang='lat' dir='ltr'>te</span> <span class='ocrx_word' id='word_1_120' title='bbox 1322 1680 1678 1725; x_wconf 88' lang='lat' dir='ltr'>consessore</span> <span class='ocrx_word' id='word_1_121' title='bbox 1752 1664 2037 1746; x_wconf 87' lang='lat' dir='ltr'>spectare</span> <span class='ocrx_word' id='word_1_122' title='bbox 2111 1659 2321 1725; x_wconf 86' lang='lat' dir='ltr'>liceat.</span> <span class='ocrx_word' id='word_1_123' title='bbox 2434 1657 2497 1721; x_wconf 87' lang='lat'>3.</span> <span class='ocrx_word' id='word_1_124' title='bbox 2574 1654 2746 1720; x_wconf 85' lang='lat' dir='ltr'>Cum</span> <span class='ocrx_word' id='word_1_125' title='bbox 2800 1652 2958 1718; x_wconf 78' lang='lat' dir='ltr'>haec</span> 
     </span>
     <span class='ocr_line' id='line_1_13' title="bbox 547 1757 2955 1846; baseline -0.002 -20"><span class='ocrx_word' id='word_1_126' title='bbox 547 1760 829 1826; x_wconf 80' lang='lat' dir='ltr'><strong>maxime</strong></span> <span class='ocrx_word' id='word_1_127' title='bbox 879 1760 1234 1841; x_wconf 75' lang='lat' dir='ltr'>scriberem,</span> <span class='ocrx_word' id='word_1_128' title='bbox 1287 1783 1428 1828; x_wconf 85' lang='lat' dir='ltr'>ecce</span> <span class='ocrx_word' id='word_1_129' title='bbox 1472 1762 1596 1829; x_wconf 87' lang='lat' dir='ltr'>tibi</span> <span class='ocrx_word' id='word_1_130' title='bbox 1641 1760 1956 1829; x_wconf 82' lang='lat' dir='ltr'>Sebosusl</span> <span class='ocrx_word' id='word_1_131' title='bbox 2047 1761 2366 1828; x_wconf 85' lang='lat' dir='ltr'>Nondum</span> <span class='ocrx_word' id='word_1_132' title='bbox 2413 1760 2608 1846; x_wconf 90' lang='lat' dir='ltr'>plane</span> <span class='ocrx_word' id='word_1_133' title='bbox 2657 1757 2955 1844; x_wconf 86' lang='lat' dir='ltr'>ingemu-</span> 
     </span>
     <span class='ocr_line' id='line_1_14' title="bbox 548 1859 2957 1951; baseline -0.002 -22"><span class='ocrx_word' id='word_1_134' title='bbox 548 1886 726 1931; x_wconf 90' lang='lat' dir='ltr'>eram</span> <span class='ocrx_word' id='word_1_135' title='bbox 758 1887 774 1930; x_wconf 88' lang='lat'>:</span> <span class='ocrx_word' id='word_1_136' title='bbox 823 1870 840 1900; x_wconf 90' lang='lat'>‘</span> <span class='ocrx_word' id='word_1_137' title='bbox 859 1862 1093 1945; x_wconf 85' lang='lat' dir='ltr'>Salve,’</span> <span class='ocrx_word' id='word_1_138' title='bbox 1138 1865 1352 1951; x_wconf 87' lang='lat' dir='ltr'>inquit</span> <span class='ocrx_word' id='word_1_139' title='bbox 1393 1864 1646 1931; x_wconf 79' lang='lat' dir='ltr'>Arrius.</span> <span class='ocrx_word' id='word_1_140' title='bbox 1737 1865 1889 1933; x_wconf 87' lang='lat' dir='ltr'>Hoe</span> <span class='ocrx_word' id='word_1_141' title='bbox 1931 1869 2029 1932; x_wconf 88' lang='lat' dir='ltr'>est</span> <span class='ocrx_word' id='word_1_142' title='bbox 2071 1864 2286 1932; x_wconf 86' lang='lat' dir='ltr'>Roma</span> <span class='ocrx_word' id='word_1_143' title='bbox 2328 1862 2675 1930; x_wconf 74' lang='lat' dir='ltr'>decedere!</span> <span class='ocrx_word' id='word_1_144' title='bbox 2772 1859 2957 1931; x_wconf 83' lang='lat' dir='ltr'>Quos</span> 
     </span>
     <span class='ocr_line' id='line_1_15' title="bbox 549 1966 2361 2055; baseline 0.001 -22"><span class='ocrx_word' id='word_1_145' title='bbox 549 1988 670 2055; x_wconf 88' lang='lat' dir='ltr'>ego</span> <span class='ocrx_word' id='word_1_146' title='bbox 699 1966 990 2033; x_wconf 87' lang='lat' dir='ltr'>homines</span> <span class='ocrx_word' id='word_1_147' title='bbox 1017 1968 1243 2055; x_wconf 85' lang='lat' dir='ltr'>effugi,</span> <span class='ocrx_word' id='word_1_148' title='bbox 1274 1991 1419 2034; x_wconf 89' lang='lat' dir='ltr'>cum</span> <span class='ocrx_word' id='word_1_149' title='bbox 1449 1970 1520 2035; x_wconf 92' lang='lat' dir='ltr'>in</span> <span class='ocrx_word' id='word_1_150' title='bbox 1548 1969 1667 2035; x_wconf 88' lang='lat' dir='ltr'>hos</span> <span class='ocrx_word' id='word_1_151' title='bbox 1692 1968 1891 2035; x_wconf 89' lang='lat' dir='ltr'>incidi</span> <span class='ocrx_word' id='word_1_152' title='bbox 1913 1970 1945 2034; x_wconf 77' lang='grc' dir='ltr'>Ρ</span> <span class='ocrx_word' id='word_1_153' title='bbox 2032 1967 2182 2055; x_wconf 87' lang='lat' dir='ltr'>Ego</span> <span class='ocrx_word' id='word_1_154' title='bbox 2210 1989 2361 2034; x_wconf 83' lang='lat' dir='ltr'>vero</span> 
     </span>
    </p>
   </div>
   <div class='ocr_carea' id='block_1_3' title="bbox 1067 2116 2474 2196">
    <p class='ocr_par' dir='ltr' id='par_1_3' title="bbox 1067 2116 2474 2196">
     <span class='ocr_line' id='line_1_16' title="bbox 1067 2116 2474 2196; baseline 0 -20"><span class='ocrx_word' id='word_1_155' title='bbox 1067 2116 1133 2176; x_wconf 79' lang='lat' dir='ltr'>in</span> <span class='ocrx_word' id='word_1_156' title='bbox 1162 2120 1388 2177; x_wconf 73' lang='lat' dir='ltr'>montes</span> <span class='ocrx_word' id='word_1_157' title='bbox 1403 2117 1648 2196; x_wconf 71' lang='lat' dir='ltr'>patrios</span> <span class='ocrx_word' id='word_1_158' title='bbox 1676 2120 1736 2178; x_wconf 83' lang='lat' dir='ltr'>et</span> <span class='ocrx_word' id='word_1_159' title='bbox 1764 2118 1847 2179; x_wconf 81' lang='lat' dir='ltr'>ad</span> <span class='ocrx_word' id='word_1_160' title='bbox 1871 2116 2236 2180; x_wconf 80' lang='lat' dir='ltr'>incunabula</span> <span class='ocrx_word' id='word_1_161' title='bbox 2265 2119 2474 2177; x_wconf 73' lang='lat' dir='ltr'>nostra</span> 
     </span>
    </p>
   </div>
   <div class='ocr_carea' id='block_1_4' title="bbox 549 2252 2967 2746">
    <p class='ocr_par' dir='ltr' id='par_1_4' title="bbox 549 2252 2967 2746">
     <span class='ocr_line' id='line_1_17' title="bbox 549 2252 2962 2346; baseline -0.002 -24"><span class='ocrx_word' id='word_1_162' title='bbox 549 2276 834 2343; x_wconf 81' lang='lat' dir='ltr'>pergam.</span> <span class='ocrx_word' id='word_1_163' title='bbox 925 2255 1244 2342; x_wconf 89' lang='lat' dir='ltr'>Denique,</span> <span class='ocrx_word' id='word_1_164' title='bbox 1284 2257 1339 2324; x_wconf 91' lang='lat' dir='ltr'>si</span> <span class='ocrx_word' id='word_1_165' title='bbox 1366 2258 1539 2324; x_wconf 89' lang='lat' dir='ltr'>solus</span> <span class='ocrx_word' id='word_1_166' title='bbox 1566 2280 1698 2325; x_wconf 91' lang='lat' dir='ltr'>non</span> <span class='ocrx_word' id='word_1_167' title='bbox 1727 2263 2014 2346; x_wconf 89' lang='lat' dir='ltr'>potuero,</span> <span class='ocrx_word' id='word_1_168' title='bbox 2059 2279 2207 2324; x_wconf 90' lang='lat' dir='ltr'>cum</span> <span class='ocrx_word' id='word_1_169' title='bbox 2233 2255 2489 2322; x_wconf 74' lang='lat' dir='ltr'>rusticis</span> <span class='ocrx_word' id='word_1_170' title='bbox 2517 2252 2737 2341; x_wconf 88' lang='lat' dir='ltr'>potius</span> <span class='ocrx_word' id='word_1_171' title='bbox 2765 2272 2962 2337; x_wconf 88' lang='lat' dir='ltr'>quam</span> 
     </span>
     <span class='ocr_line' id='line_1_18' title="bbox 551 2355 2963 2448; baseline -0.002 -23"><span class='ocrx_word' id='word_1_172' title='bbox 551 2381 698 2425; x_wconf 88' lang='lat' dir='ltr'>oum</span> <span class='ocrx_word' id='word_1_173' title='bbox 725 2357 827 2425; x_wconf 89' lang='lat' dir='ltr'>his</span> <span class='ocrx_word' id='word_1_174' title='bbox 853 2359 1247 2445; x_wconf 89' lang='lat' dir='ltr'>perurbanis,</span> <span class='ocrx_word' id='word_1_175' title='bbox 1275 2360 1371 2428; x_wconf 92' lang='lat' dir='ltr'>ita</span> <span class='ocrx_word' id='word_1_176' title='bbox 1397 2366 1638 2443; x_wconf 90' lang='lat' dir='ltr'>tamen,</span> <span class='ocrx_word' id='word_1_177' title='bbox 1670 2368 1765 2443; x_wconf 87' lang='lat' dir='ltr'>ut,</span> <span class='ocrx_word' id='word_1_178' title='bbox 1796 2361 2103 2448; x_wconf 88' lang='lat' dir='ltr'>quoniam</span> <span class='ocrx_word' id='word_1_179' title='bbox 2130 2364 2206 2426; x_wconf 88' lang='lat' dir='ltr'>tu</span> <span class='ocrx_word' id='word_1_180' title='bbox 2235 2358 2394 2426; x_wconf 87' lang='lat' dir='ltr'>certi</span> <span class='ocrx_word' id='word_1_181' title='bbox 2422 2357 2591 2423; x_wconf 87' lang='lat' dir='ltr'><strong>nihil</strong></span> <span class='ocrx_word' id='word_1_182' title='bbox 2619 2355 2865 2434; x_wconf 88' lang='lat' dir='ltr'>scribis,</span> <span class='ocrx_word' id='word_1_183' title='bbox 2895 2355 2963 2419; x_wconf 90' lang='lat' dir='ltr'>in</span> 
     </span>
     <span class='ocr_line' id='line_1_19' title="bbox 552 2458 2959 2551; baseline -0.002 -24"><span class='ocrx_word' id='word_1_184' title='bbox 552 2460 901 2528; x_wconf 83' lang='lat' dir='ltr'>Formiano</span> <span class='ocrx_word' id='word_1_185' title='bbox 929 2461 1049 2528; x_wconf 89' lang='lat' dir='ltr'>tibi</span> <span class='ocrx_word' id='word_1_186' title='bbox 1077 2464 1424 2548; x_wconf 89' lang='lat' dir='ltr'>praestoler</span> <span class='ocrx_word' id='word_1_187' title='bbox 1450 2487 1652 2551; x_wconf 82' lang='lat' dir='ltr'>usque</span> <span class='ocrx_word' id='word_1_188' title='bbox 1680 2465 1765 2531; x_wconf 92' lang='lat' dir='ltr'>ad</span> <span class='ocrx_word' id='word_1_189' title='bbox 1800 2487 1859 2531; x_wconf 90' lang='lat' dir='ltr'>a.</span> <span class='ocrx_word' id='word_1_190' title='bbox 1893 2466 1959 2531; x_wconf 93' lang='lat' dir='ltr'>d.</span> <span class='ocrx_word' id='word_1_191' title='bbox 1992 2486 2097 2530; x_wconf 94' lang='lat'>111.</span> <span class='ocrx_word' id='word_1_192' title='bbox 2129 2463 2357 2530; x_wconf 91' lang='lat' dir='ltr'>Nonas</span> <span class='ocrx_word' id='word_1_193' title='bbox 2386 2460 2618 2528; x_wconf 85' lang='lat' dir='ltr'><strong>Maias.</strong></span> <span class='ocrx_word' id='word_1_194' title='bbox 2724 2462 2791 2525; x_wconf 88' lang='lat'>4.</span> <span class='ocrx_word' id='word_1_195' title='bbox 2839 2458 2959 2524; x_wconf 86' lang='lat' dir='ltr'>Te·</span> 
     </span>
     <span class='ocr_line' id='line_1_20' title="bbox 552 2563 2967 2653; baseline -0.001 -22"><span class='ocrx_word' id='word_1_196' title='bbox 552 2564 798 2632; x_wconf 89' lang='lat' dir='ltr'>rentiae</span> <span class='ocrx_word' id='word_1_197' title='bbox 840 2572 1143 2653; x_wconf 85' lang='lat' dir='ltr'>pergrata</span> <span class='ocrx_word' id='word_1_198' title='bbox 1199 2572 1295 2633; x_wconf 86' lang='lat' dir='ltr'>est</span> <span class='ocrx_word' id='word_1_199' title='bbox 1338 2568 1690 2635; x_wconf 84' lang='lat' dir='ltr'>adsiduitas</span> <span class='ocrx_word' id='word_1_200' title='bbox 1731 2571 1849 2635; x_wconf 88' lang='lat' dir='ltr'>tua</span> <span class='ocrx_word' id='word_1_201' title='bbox 1906 2574 1972 2635; x_wconf 93' lang='lat' dir='ltr'>et</span> <span class='ocrx_word' id='word_1_202' title='bbox 2016 2567 2358 2653; x_wconf 80' lang='lat' dir='ltr'>diligentia</span> <span class='ocrx_word' id='word_1_203' title='bbox 2411 2566 2481 2631; x_wconf 93' lang='lat' dir='ltr'>in</span> <span class='ocrx_word' id='word_1_204' title='bbox 2533 2563 2967 2631; x_wconf 80' lang='lat' dir='ltr'>controversia</span> 
     </span>
     <span class='ocr_line' id='line_1_21' title="bbox 557 2669 2962 2746; baseline -0.001 -11"><span class='ocrx_word' id='word_1_205' title='bbox 557 2669 915 2736; x_wconf 84' lang='lat' dir='ltr'>Mulviana.</span> <span class='ocrx_word' id='word_1_206' title='bbox 989 2669 1216 2737; x_wconf 89' lang='lat' dir='ltr'>Nescit</span> <span class='ocrx_word' id='word_1_207' title='bbox 1243 2672 1504 2737; x_wconf 91' lang='lat' dir='ltr'>omnino</span> <span class='ocrx_word' id='word_1_208' title='bbox 1534 2679 1599 2738; x_wconf 90' lang='lat' dir='ltr'>te</span> <span class='ocrx_word' id='word_1_209' title='bbox 1629 2694 2033 2740; x_wconf 88' lang='lat' dir='ltr'>communem</span> <span class='ocrx_word' id='word_1_210' title='bbox 2064 2693 2318 2738; x_wconf 84' lang='lat' dir='ltr'>causam</span> <span class='ocrx_word' id='word_1_211' title='bbox 2343 2669 2690 2735; x_wconf 80' lang='lat' dir='ltr'>defendere</span> <span class='ocrx_word' id='word_1_212' title='bbox 2720 2689 2962 2746; x_wconf 91' lang='lat' dir='ltr'>eorum,</span> 
     </span>
    </p>
   </div>
   <div class='ocr_carea' id='block_1_5' title="bbox 560 2839 2976 3427">
    <p class='ocr_par' dir='ltr' id='par_1_5' title="bbox 560 2839 2970 3102">
     <span class='ocr_line' id='line_1_22' title="bbox 627 2839 2964 2909; baseline -0.001 -18"><span class='ocrx_word' id='word_1_213' title='bbox 627 2843 838 2891; x_wconf 69' lang='lat' dir='ltr'>invenire</span> <span class='ocrx_word' id='word_1_214' title='bbox 850 2842 1031 2907; x_wconf 74' lang='lat' dir='ltr'>pouit]</span> <span class='ocrx_word' id='word_1_215' title='bbox 1077 2844 1091 2871; x_wconf 87' lang='lat'>‘</span> <span class='ocrx_word' id='word_1_216' title='bbox 1105 2842 1241 2892; x_wconf 84' lang='lat' dir='ltr'>what</span> <span class='ocrx_word' id='word_1_217' title='bbox 1254 2844 1507 2909; x_wconf 80' lang='lat' dir='ltr'>generally</span> <span class='ocrx_word' id='word_1_218' title='bbox 1520 2849 1712 2907; x_wconf 82' lang='lat' dir='ltr'>accept·</span> <span class='ocrx_word' id='word_1_219' title='bbox 1814 2850 1904 2895; x_wconf 83' lang='lat' dir='ltr'>out</span> <span class='ocrx_word' id='word_1_220' title='bbox 1947 2844 2117 2894; x_wconf 82' lang='lat' dir='ltr'>before</span> <span class='ocrx_word' id='word_1_221' title='bbox 2162 2859 2323 2893; x_wconf 71' lang='lat' dir='ltr'>careas</span> <span class='ocrx_word' id='word_1_222' title='bbox 2372 2841 2541 2905; x_wconf 85' lang='lat' dir='ltr'>owing</span> <span class='ocrx_word' id='word_1_223' title='bbox 2578 2847 2632 2891; x_wconf 89' lang='lat' dir='ltr'>to</span> <span class='ocrx_word' id='word_1_224' title='bbox 2669 2840 2760 2890; x_wconf 84' lang='lat' dir='ltr'>the</span> <span class='ocrx_word' id='word_1_225' title='bbox 2795 2839 2964 2889; x_wconf 81' lang='lat' dir='ltr'>imme·</span> 
     </span>
     <span class='ocr_line' id='line_1_23' title="bbox 561 2905 2967 2971; baseline -0.002 -14"><span class='ocrx_word' id='word_1_226' title='bbox 561 2906 795 2970; x_wconf 78' lang='lat' dir='ltr'>ableplan</span> <span class='ocrx_word' id='word_1_227' title='bbox 806 2907 983 2957; x_wconf 86' lang='lat' dir='ltr'>Caesar</span> <span class='ocrx_word' id='word_1_228' title='bbox 996 2923 1088 2956; x_wconf 87' lang='lat' dir='ltr'>can</span> <span class='ocrx_word' id='word_1_229' title='bbox 1101 2907 1308 2958; x_wconf 79' lang='lat' dir='ltr'>devisez&#39;</span> <span class='ocrx_word' id='word_1_230' title='bbox 1330 2909 1650 2971; x_wconf 86' lang='lat' dir='ltr'>seeEp.xliii.</span> <span class='ocrx_word' id='word_1_231' title='bbox 1668 2913 1711 2968; x_wconf 92' lang='lat'>1,</span> <span class='ocrx_word' id='word_1_232' title='bbox 1814 2909 1947 2959; x_wconf 86' lang='lat' dir='ltr'>diate</span> <span class='ocrx_word' id='word_1_233' title='bbox 1990 2907 2304 2959; x_wconf 77' lang='lat' dir='ltr'>consecution</span> <span class='ocrx_word' id='word_1_234' title='bbox 2339 2907 2393 2956; x_wconf 82' lang='lat' dir='ltr'>of</span> <span class='ocrx_word' id='word_1_235' title='bbox 2426 2905 2635 2956; x_wconf 82' lang='lat' dir='ltr'>another</span> <span class='ocrx_word' id='word_1_236' title='bbox 2675 2906 2812 2954; x_wconf 71' lang='lat' dir='ltr'>non?</span> <span class='ocrx_word' id='word_1_237' title='bbox 2876 2907 2967 2953; x_wconf 80' lang='lat' dir='ltr'>luo</span> 
     </span>
     <span class='ocr_line' id='line_1_24' title="bbox 560 2970 2970 3036; baseline -0.001 -15"><span class='ocrx_word' id='word_1_238' title='bbox 560 2986 619 3021; x_wconf 62' lang='grc' dir='ltr'>σε</span> <span class='ocrx_word' id='word_1_239' title='bbox 632 2972 889 3036; x_wconf 78' lang='lat' dir='ltr'>familiari</span> <span class='ocrx_word' id='word_1_240' title='bbox 920 2978 964 3020; x_wconf 79' lang='lat' dir='ltr'>te</span> <span class='ocrx_word' id='word_1_241' title='bbox 998 2975 1137 3021; x_wconf 73' lang='lat' dir='ltr'>illiue</span> <span class='ocrx_word' id='word_1_242' title='bbox 1165 2975 1353 3022; x_wconf 70' lang='lat' dir='ltr'>audisse</span> <span class='ocrx_word' id='word_1_243' title='bbox 1374 2977 1622 3035; x_wconf 77' lang='lat' dir='ltr'>prolatum</span> <span class='ocrx_word' id='word_1_244' title='bbox 1646 2977 1715 3023; x_wconf 84' lang='lat' dir='ltr'>iri</span> <span class='ocrx_word' id='word_1_245' title='bbox 1815 2974 1993 3023; x_wconf 82' lang='lat' dir='ltr'>should</span> <span class='ocrx_word' id='word_1_246' title='bbox 2027 2973 2146 3024; x_wconf 80' lang='lat' dir='ltr'>then</span> <span class='ocrx_word' id='word_1_247' title='bbox 2179 2974 2241 3023; x_wconf 92' lang='lat' dir='ltr'>be</span> <span class='ocrx_word' id='word_1_248' title='bbox 2267 2973 2489 3036; x_wconf 81' lang='lat' dir='ltr'>changed</span> <span class='ocrx_word' id='word_1_249' title='bbox 2510 2978 2563 3021; x_wconf 91' lang='lat' dir='ltr'>to</span> <span class='ocrx_word' id='word_1_250' title='bbox 2583 2973 2693 3029; x_wconf 76' lang='lat' dir='ltr'>illa,</span> <span class='ocrx_word' id='word_1_251' title='bbox 2725 2970 2970 3032; x_wconf 75' lang='lat' dir='ltr'>referring</span> 
     </span>
     <span class='ocr_line' id='line_1_25' title="bbox 560 3035 2968 3102; baseline -0 -18"><span class='ocrx_word' id='word_1_252' title='bbox 560 3038 750 3098; x_wconf 77' lang='lat' dir='ltr'>aliquid</span> <span class='ocrx_word' id='word_1_253' title='bbox 768 3038 893 3099; x_wconf 78' lang='lat' dir='ltr'>quod</span> <span class='ocrx_word' id='word_1_254' title='bbox 911 3052 1040 3085; x_wconf 78' lang='lat' dir='ltr'>nemo</span> <span class='ocrx_word' id='word_1_255' title='bbox 1062 3039 1366 3098; x_wconf 74' lang='lat' dir='ltr'>improbaret.</span> <span class='ocrx_word' id='word_1_256' title='bbox 1814 3045 1867 3089; x_wconf 87' lang='lat' dir='ltr'>to</span> <span class='ocrx_word' id='word_1_257' title='bbox 1903 3039 2069 3102; x_wconf 86' lang='lat' dir='ltr'>Epiro,</span> <span class='ocrx_word' id='word_1_258' title='bbox 2112 3038 2189 3088; x_wconf 84' lang='lat' dir='ltr'>‘it</span> <span class='ocrx_word' id='word_1_259' title='bbox 2217 3037 2260 3086; x_wconf 86' lang='lat' dir='ltr'>is</span> <span class='ocrx_word' id='word_1_260' title='bbox 2289 3035 2574 3098; x_wconf 87' lang='lat' dir='ltr'>impossible</span> <span class='ocrx_word' id='word_1_261' title='bbox 2606 3035 2700 3085; x_wconf 89' lang='lat' dir='ltr'>but</span> <span class='ocrx_word' id='word_1_262' title='bbox 2731 3035 2846 3084; x_wconf 81' lang='lat' dir='ltr'>that</span> <span class='ocrx_word' id='word_1_263' title='bbox 2870 3051 2968 3099; x_wconf 77' lang='lat' dir='ltr'>you</span> 
     </span>
    </p>

    <p class='ocr_par' dir='ltr' id='par_1_6' title="bbox 562 3099 2976 3427">
     <span class='ocr_line' id='line_1_26' title="bbox 626 3099 2969 3168; baseline 0.002 -20"><span class='ocrx_word' id='word_1_264' title='bbox 626 3103 694 3148; x_wconf 84' lang='lat' dir='ltr'>ad</span> <span class='ocrx_word' id='word_1_265' title='bbox 734 3103 1028 3163; x_wconf 76' lang='lat' dir='ltr'>facultatem</span> <span class='ocrx_word' id='word_1_266' title='bbox 1083 3102 1360 3168; x_wconf 63' lang='lat' dir='ltr'>ayt-ariam]</span> <span class='ocrx_word' id='word_1_267' title='bbox 1464 3106 1478 3131; x_wconf 91' lang='lat'>‘</span> <span class='ocrx_word' id='word_1_268' title='bbox 1496 3102 1577 3153; x_wconf 81' lang='lat' dir='ltr'>for</span> <span class='ocrx_word' id='word_1_269' title='bbox 1626 3103 1713 3153; x_wconf 88' lang='lat' dir='ltr'>the</span> <span class='ocrx_word' id='word_1_270' title='bbox 1814 3111 1948 3153; x_wconf 85' lang='lat' dir='ltr'>must</span> <span class='ocrx_word' id='word_1_271' title='bbox 1975 3105 2150 3153; x_wconf 84' lang='lat' dir='ltr'>absent</span> <span class='ocrx_word' id='word_1_272' title='bbox 2185 3105 2406 3167; x_wconf 64' lang='lat' dir='ltr'>younsz</span> <span class='ocrx_word' id='word_1_273' title='bbox 2433 3102 2564 3150; x_wconf 84' lang='lat' dir='ltr'>from</span> <span class='ocrx_word' id='word_1_274' title='bbox 2595 3100 2639 3150; x_wconf 84' lang='lat' dir='ltr'>it</span> <span class='ocrx_word' id='word_1_275' title='bbox 2655 3100 2667 3120; x_wconf 88' lang='lat'><strong>’</strong></span> <span class='ocrx_word' id='word_1_276' title='bbox 2711 3099 2969 3164; x_wconf 54' lang='lat' dir='ltr'>(Epirum</span> 
     </span>
     <span class='ocr_line' id='line_1_27' title="bbox 562 3164 2971 3233; baseline -0 -19"><span class='ocrx_word' id='word_1_277' title='bbox 562 3164 779 3214; x_wconf 77' lang='lat' dir='ltr'>solution</span> <span class='ocrx_word' id='word_1_278' title='bbox 799 3165 855 3214; x_wconf 83' lang='lat' dir='ltr'>of</span> <span class='ocrx_word' id='word_1_279' title='bbox 876 3165 961 3214; x_wconf 87' lang='lat' dir='ltr'>the</span> <span class='ocrx_word' id='word_1_280' title='bbox 984 3167 1209 3229; x_wconf 81' lang='lat' dir='ltr'>agrarian</span> <span class='ocrx_word' id='word_1_281' title='bbox 1233 3167 1478 3231; x_wconf 84' lang='lat' dir='ltr'>question.</span> <span class='ocrx_word' id='word_1_282' title='bbox 1538 3169 1711 3217; x_wconf 72' lang='lat' dir='ltr'>Facul-</span> <span class='ocrx_word' id='word_1_283' title='bbox 1812 3176 1868 3216; x_wconf 70' lang='lat' dir='ltr'>ut</span> <span class='ocrx_word' id='word_1_284' title='bbox 1893 3170 1981 3217; x_wconf 75' lang='lat' dir='ltr'>illa</span> <span class='ocrx_word' id='word_1_285' title='bbox 2006 3170 2079 3233; x_wconf 87' lang='lat' dir='ltr'>(or</span> <span class='ocrx_word' id='word_1_286' title='bbox 2101 3170 2185 3217; x_wconf 79' lang='lat' dir='ltr'>illo</span> <span class='ocrx_word' id='word_1_287' title='bbox 2207 3170 2319 3230; x_wconf 77' lang='lat' dir='ltr'>loco)</span> <span class='ocrx_word' id='word_1_288' title='bbox 2344 3175 2399 3215; x_wconf 78' lang='lat' dir='ltr'>tu</span> <span class='ocrx_word' id='word_1_289' title='bbox 2420 3182 2512 3215; x_wconf 78' lang='lat' dir='ltr'>non</span> <span class='ocrx_word' id='word_1_290' title='bbox 2536 3181 2701 3215; x_wconf 73' lang='lat' dir='ltr'>carm</span> <span class='ocrx_word' id='word_1_291' title='bbox 2722 3181 2818 3214; x_wconf 74' lang='lat' dir='ltr'>non</span> <span class='ocrx_word' id='word_1_292' title='bbox 2842 3167 2971 3214; x_wconf 65' lang='lat' dir='ltr'>video</span> 
     </span>
     <span class='ocr_line' id='line_1_28' title="bbox 566 3229 2090 3296; baseline 0.003 -19"><span class='ocrx_word' id='word_1_293' title='bbox 566 3235 712 3278; x_wconf 76' lang='lat' dir='ltr'>tatem</span> <span class='ocrx_word' id='word_1_294' title='bbox 732 3231 777 3278; x_wconf 84' lang='lat' dir='ltr'>is</span> <span class='ocrx_word' id='word_1_295' title='bbox 797 3230 1057 3293; x_wconf 88' lang='lat' dir='ltr'>explained</span> <span class='ocrx_word' id='word_1_296' title='bbox 1073 3229 1140 3294; x_wconf 81' lang='lat' dir='ltr'>by</span> <span class='ocrx_word' id='word_1_297' title='bbox 1164 3231 1380 3280; x_wconf 84' lang='lat' dir='ltr'>Cicero&#39;s</span> <span class='ocrx_word' id='word_1_298' title='bbox 1400 3248 1514 3282; x_wconf 88' lang='lat' dir='ltr'>own</span> <span class='ocrx_word' id='word_1_299' title='bbox 1535 3232 1713 3282; x_wconf 85' lang='lat' dir='ltr'>defini·</span> <span class='ocrx_word' id='word_1_300' title='bbox 1804 3235 2090 3296; x_wconf 69' lang='lat' dir='ltr'>poecefleri.</span> 
     </span>
     <span class='ocr_line' id='line_1_29' title="bbox 565 3292 2974 3361; baseline 0 -18"><span class='ocrx_word' id='word_1_301' title='bbox 565 3292 673 3343; x_wconf 86' lang='lat' dir='ltr'>tion</span> <span class='ocrx_word' id='word_1_302' title='bbox 694 3292 749 3341; x_wconf 91' lang='lat' dir='ltr'>in</span> <span class='ocrx_word' id='word_1_303' title='bbox 781 3296 837 3342; x_wconf 75' lang='lat' dir='ltr'>do</span> <span class='ocrx_word' id='word_1_304' title='bbox 867 3296 980 3343; x_wconf 83' lang='lat' dir='ltr'>Inv.</span> <span class='ocrx_word' id='word_1_305' title='bbox 1011 3295 1046 3343; x_wconf 94' lang='lat' dir='ltr'>i.</span> <span class='ocrx_word' id='word_1_306' title='bbox 1074 3297 1158 3356; x_wconf 79' lang='lat'>41,</span> <span class='ocrx_word' id='word_1_307' title='bbox 1188 3295 1454 3346; x_wconf 84' lang='lat' dir='ltr'>facultates</span> <span class='ocrx_word' id='word_1_308' title='bbox 1487 3303 1604 3346; x_wconf 84' lang='lat' dir='ltr'>sunt</span> <span class='ocrx_word' id='word_1_309' title='bbox 1626 3304 1714 3347; x_wconf 79' lang='lat' dir='ltr'>aut</span> <span class='ocrx_word' id='word_1_310' title='bbox 1878 3305 1988 3346; x_wconf 74' lang='lat' dir='ltr'>ruet</span> <span class='ocrx_word' id='word_1_311' title='bbox 2032 3301 2125 3346; x_wconf 74' lang='lat' dir='ltr'>cive</span> <span class='ocrx_word' id='word_1_312' title='bbox 2167 3294 2340 3361; x_wconf 74' lang='lat' dir='ltr'>eriqet]</span> <span class='ocrx_word' id='word_1_313' title='bbox 2443 3299 2457 3324; x_wconf 86' lang='lat'>‘</span> <span class='ocrx_word' id='word_1_314' title='bbox 2480 3293 2705 3343; x_wconf 77' lang='lat' dir='ltr'>whether</span> <span class='ocrx_word' id='word_1_315' title='bbox 2756 3293 2824 3344; x_wconf 86' lang='lat' dir='ltr'>he</span> <span class='ocrx_word' id='word_1_316' title='bbox 2869 3292 2974 3343; x_wconf 79' lang='lat' dir='ltr'>will</span> 
     </span>
     <span class='ocr_line' id='line_1_30' title="bbox 564 3358 2976 3427; baseline 0.001 -22"><span class='ocrx_word' id='word_1_317' title='bbox 564 3358 734 3420; x_wconf 66' lang='lat' dir='ltr'>quibu:</span> <span class='ocrx_word' id='word_1_318' title='bbox 743 3359 950 3423; x_wconf 71' lang='lat' dir='ltr'>facilius</span> <span class='ocrx_word' id='word_1_319' title='bbox 959 3363 1028 3422; x_wconf 76' lang='lat' dir='ltr'>fit</span> <span class='ocrx_word' id='word_1_320' title='bbox 1061 3365 1150 3409; x_wconf 86' lang='lat' dir='ltr'>aut</span> <span class='ocrx_word' id='word_1_321' title='bbox 1178 3360 1283 3420; x_wconf 82' lang='lat' dir='ltr'>sine</span> <span class='ocrx_word' id='word_1_322' title='bbox 1313 3361 1492 3425; x_wconf 77' lang='lat' dir='ltr'>quibus</span> <span class='ocrx_word' id='word_1_323' title='bbox 1524 3362 1716 3427; x_wconf 86' lang='lat' dir='ltr'>aliquid</span> <span class='ocrx_word' id='word_1_324' title='bbox 1813 3361 1976 3412; x_wconf 81' lang='lat' dir='ltr'>throw</span> <span class='ocrx_word' id='word_1_325' title='bbox 1998 3361 2069 3412; x_wconf 79' lang='lat' dir='ltr'>off</span> <span class='ocrx_word' id='word_1_326' title='bbox 2097 3361 2166 3411; x_wconf 87' lang='lat' dir='ltr'>all</span> <span class='ocrx_word' id='word_1_327' title='bbox 2199 3360 2430 3411; x_wconf 82' lang='lat' dir='ltr'>restraint</span> <span class='ocrx_word' id='word_1_328' title='bbox 2462 3375 2518 3409; x_wconf 91' lang='lat' dir='ltr'>or</span> <span class='ocrx_word' id='word_1_329' title='bbox 2549 3359 2667 3408; x_wconf 89' lang='lat' dir='ltr'>lend</span> <span class='ocrx_word' id='word_1_330' title='bbox 2700 3375 2735 3408; x_wconf 83' lang='lat' dir='ltr'>a</span> <span class='ocrx_word' id='word_1_331' title='bbox 2766 3358 2976 3422; x_wconf 84' lang='lat' dir='ltr'>helping</span> 
     </span>
    </p>
   </div>
   <div class='ocr_carea' id='block_1_6' title="bbox 565 3421 2976 3685">
    <p class='ocr_par' dir='ltr' id='par_1_7' title="bbox 565 3421 2974 3486">
     <span class='ocr_line' id='line_1_31' title="bbox 565 3421 2974 3486; baseline -0.001 -13"><span class='ocrx_word' id='word_1_332' title='bbox 565 3421 741 3473; x_wconf 82' lang='lat' dir='ltr'>confici</span> <span class='ocrx_word' id='word_1_333' title='bbox 763 3438 864 3471; x_wconf 90' lang='lat' dir='ltr'>non</span> <span class='ocrx_word' id='word_1_334' title='bbox 883 3423 1082 3486; x_wconf 62' lang='lat' dir='ltr'>potest!</span> <span class='ocrx_word' id='word_1_335' title='bbox 1813 3426 1946 3476; x_wconf 89' lang='lat' dir='ltr'>hand</span> <span class='ocrx_word' id='word_1_336' title='bbox 1980 3433 2032 3476; x_wconf 89' lang='lat' dir='ltr'>to</span> <span class='ocrx_word' id='word_1_337' title='bbox 2060 3426 2147 3476; x_wconf 89' lang='lat' dir='ltr'>the</span> <span class='ocrx_word' id='word_1_338' title='bbox 2184 3433 2341 3476; x_wconf 79' lang='lat' dir='ltr'>state:</span> <span class='ocrx_word' id='word_1_339' title='bbox 2364 3427 2377 3449; x_wconf 87' lang='lat'>’</span> <span class='ocrx_word' id='word_1_340' title='bbox 2413 3440 2495 3474; x_wconf 84' lang='lat' dir='ltr'>see</span> <span class='ocrx_word' id='word_1_341' title='bbox 2515 3424 2625 3472; x_wconf 66' lang='grc' dir='ltr'>Διῒ.</span> <span class='ocrx_word' id='word_1_342' title='bbox 2651 3423 2762 3474; x_wconf 81' lang='lat' dir='ltr'>viii.</span> <span class='ocrx_word' id='word_1_343' title='bbox 2794 3427 2897 3485; x_wconf 80' lang='lat' dir='ltr'>l2c,</span> <span class='ocrx_word' id='word_1_344' title='bbox 2926 3426 2974 3471; x_wconf 82' lang='lat'>3.</span> 
     </span>
    </p>

    <p class='ocr_par' dir='ltr' id='par_1_8' title="bbox 565 3486 2976 3685">
     <span class='ocr_line' id='line_1_32' title="bbox 633 3486 2974 3554; baseline 0.001 -19"><span class='ocrx_word' id='word_1_345' title='bbox 633 3490 681 3536; x_wconf 89' lang='grc'>2.</span> <span class='ocrx_word' id='word_1_346' title='bbox 728 3488 897 3536; x_wconf 80' lang='lat' dir='ltr'>Bibuli</span> <span class='ocrx_word' id='word_1_347' title='bbox 935 3486 1117 3554; x_wconf 73' lang='lat' dir='ltr'>autm]</span> <span class='ocrx_word' id='word_1_348' title='bbox 1209 3488 1349 3539; x_wconf 89' lang='lat' dir='ltr'>‘The</span> <span class='ocrx_word' id='word_1_349' title='bbox 1392 3490 1617 3540; x_wconf 68' lang='lat' dir='ltr'>firmneoe</span> <span class='ocrx_word' id='word_1_350' title='bbox 1660 3490 1716 3541; x_wconf 82' lang='lat' dir='ltr'>of</span> <span class='ocrx_word' id='word_1_351' title='bbox 1881 3495 1928 3540; x_wconf 85' lang='grc'>3.</span> <span class='ocrx_word' id='word_1_352' title='bbox 1969 3493 2080 3541; x_wconf 79' lang='lat' dir='ltr'>Oum</span> <span class='ocrx_word' id='word_1_353' title='bbox 2104 3493 2217 3539; x_wconf 77' lang='lat' dir='ltr'>haec</span> <span class='ocrx_word' id='word_1_354' title='bbox 2237 3489 2465 3553; x_wconf 70' lang='lat' dir='ltr'>maximo]</span> <span class='ocrx_word' id='word_1_355' title='bbox 2534 3492 2548 3516; x_wconf 90' lang='lat'>‘</span> <span class='ocrx_word' id='word_1_356' title='bbox 2569 3488 2690 3539; x_wconf 74' lang='lat' dir='ltr'>Just</span> <span class='ocrx_word' id='word_1_357' title='bbox 2721 3504 2779 3538; x_wconf 78' lang='lat' dir='ltr'>as</span> <span class='ocrx_word' id='word_1_358' title='bbox 2813 3487 2842 3537; x_wconf 92' lang='lat'>1</span> <span class='ocrx_word' id='word_1_359' title='bbox 2875 3488 2974 3537; x_wconf 79' lang='lat' dir='ltr'>had</span> 
     </span>
     <span class='ocr_line' id='line_1_33' title="bbox 565 3550 2976 3620; baseline 0.001 -20"><span class='ocrx_word' id='word_1_360' title='bbox 565 3550 777 3602; x_wconf 84' lang='lat' dir='ltr'>Bibulus</span> <span class='ocrx_word' id='word_1_361' title='bbox 808 3551 862 3600; x_wconf 90' lang='lat' dir='ltr'>in</span> <span class='ocrx_word' id='word_1_362' title='bbox 890 3552 1143 3616; x_wconf 88' lang='lat' dir='ltr'>impeding</span> <span class='ocrx_word' id='word_1_363' title='bbox 1167 3553 1252 3603; x_wconf 87' lang='lat' dir='ltr'>the</span> <span class='ocrx_word' id='word_1_364' title='bbox 1286 3554 1486 3605; x_wconf 87' lang='lat' dir='ltr'>comitia</span> <span class='ocrx_word' id='word_1_365' title='bbox 1517 3555 1560 3603; x_wconf 86' lang='lat' dir='ltr'>is</span> <span class='ocrx_word' id='word_1_366' title='bbox 1594 3555 1715 3620; x_wconf 81' lang='lat' dir='ltr'>only</span> <span class='ocrx_word' id='word_1_367' title='bbox 1936 3561 1990 3606; x_wconf 85' lang='lat' dir='ltr'>to</span> <span class='ocrx_word' id='word_1_368' title='bbox 2030 3555 2131 3605; x_wconf 83' lang='lat' dir='ltr'>this</span> <span class='ocrx_word' id='word_1_369' title='bbox 2234 3555 2312 3604; x_wconf 90' lang='lat' dir='ltr'>int</span> <span class='ocrx_word' id='word_1_370' title='bbox 2349 3554 2405 3603; x_wconf 91' lang='lat' dir='ltr'>in</span> <span class='ocrx_word' id='word_1_371' title='bbox 2448 3569 2536 3618; x_wconf 82' lang='lat' dir='ltr'>my</span> <span class='ocrx_word' id='word_1_372' title='bbox 2568 3552 2733 3615; x_wconf 72' lang='lat' dir='ltr'>letter,</span> <span class='ocrx_word' id='word_1_373' title='bbox 2781 3553 2835 3602; x_wconf 92' lang='lat' dir='ltr'>lo</span> <span class='ocrx_word' id='word_1_374' title='bbox 2875 3553 2976 3602; x_wconf 78' lang='lat' dir='ltr'>and</span> 
     </span>
     <span class='ocr_line' id='line_1_34' title="bbox 565 3616 2974 3685; baseline 0 -19"><span class='ocrx_word' id='word_1_375' title='bbox 565 3632 633 3667; x_wconf 85' lang='lat' dir='ltr'>an</span> <span class='ocrx_word' id='word_1_376' title='bbox 664 3616 939 3680; x_wconf 84' lang='lat' dir='ltr'>exposition</span> <span class='ocrx_word' id='word_1_377' title='bbox 965 3618 1020 3667; x_wconf 83' lang='lat' dir='ltr'>of</span> <span class='ocrx_word' id='word_1_378' title='bbox 1050 3617 1129 3667; x_wconf 88' lang='lat' dir='ltr'>his</span> <span class='ocrx_word' id='word_1_379' title='bbox 1155 3634 1269 3668; x_wconf 88' lang='lat' dir='ltr'>own</span> <span class='ocrx_word' id='word_1_380' title='bbox 1295 3619 1465 3681; x_wconf 80' lang='lat' dir='ltr'>views,</span> <span class='ocrx_word' id='word_1_381' title='bbox 1495 3619 1588 3670; x_wconf 87' lang='lat' dir='ltr'>but</span> <span class='ocrx_word' id='word_1_382' title='bbox 1624 3620 1717 3670; x_wconf 80' lang='lat' dir='ltr'>has</span> <span class='ocrx_word' id='word_1_383' title='bbox 1912 3620 1994 3670; x_wconf 87' lang='lat' dir='ltr'>old</span> <span class='ocrx_word' id='word_1_384' title='bbox 2015 3635 2132 3685; x_wconf 82' lang='lat' dir='ltr'>you,</span> <span class='ocrx_word' id='word_1_385' title='bbox 2233 3620 2411 3669; x_wconf 78' lang='lat' dir='ltr'>bosus!</span> <span class='ocrx_word' id='word_1_386' title='bbox 2433 3618 2448 3642; x_wconf 88' lang='lat'>’</span> <span class='ocrx_word' id='word_1_387' title='bbox 2487 3619 2708 3678; x_wconf 70' lang='lat' dir='ltr'>nmaeime,</span> <span class='ocrx_word' id='word_1_388' title='bbox 2739 3617 2846 3667; x_wconf 74' lang='lat' dir='ltr'>like</span> <span class='ocrx_word' id='word_1_389' title='bbox 2879 3617 2974 3678; x_wconf 70' lang='grc' dir='ltr'>μό-</span> 
     </span>
    </p>
   </div>
   <div class='ocr_carea' id='block_1_7' title="bbox 565 3681 2979 4007">
    <p class='ocr_par' dir='ltr' id='par_1_9' title="bbox 565 3681 2979 4007">
     <span class='ocr_line' id='line_1_35' title="bbox 565 3681 2976 3798; baseline 0 -68"><span class='ocrx_word' id='word_1_390' title='bbox 565 3696 633 3731; x_wconf 91' lang='lat' dir='ltr'>no</span> <span class='ocrx_word' id='word_1_391' title='bbox 663 3681 1094 3796; x_wconf 58' lang='lat' dir='ltr'>moral‚infl113101tice</span> <span class='ocrx_word' id='word_1_392' title='bbox 1108 3698 1204 3797; x_wconf 58' lang='lat' dir='ltr'>affin</span> <span class='ocrx_word' id='word_1_393' title='bbox 1214 3683 1402 3797; x_wconf 50' lang='grc' dir='ltr'>ιιξιιωίο</span> <span class='ocrx_word' id='word_1_394' title='bbox 1447 3684 1616 3734; x_wconf 81' lang='lat' dir='ltr'>affairs</span> <span class='ocrx_word' id='word_1_395' title='bbox 1660 3684 1716 3734; x_wconf 92' lang='lat' dir='ltr'>in</span> <span class='ocrx_word' id='word_1_396' title='bbox 1814 3695 1984 3797; x_wconf 45' lang='lat' dir='ltr'>{ligi-ra,</span> <span class='ocrx_word' id='word_1_397' title='bbox 2006 3701 2175 3761; x_wconf 67' lang='lat' dir='ltr'>means</span> <span class='ocrx_word' id='word_1_398' title='bbox 2201 3683 2370 3798; x_wconf 50' lang='lat' dir='ltr'>‘simin’</span> <span class='ocrx_word' id='word_1_399' title='bbox 2403 3685 2416 3709; x_wconf 90' lang='lat'>‘</span> <span class='ocrx_word' id='word_1_400' title='bbox 2434 3681 2716 3748; x_wconf 81' lang='lat' dir='ltr'>preeisely.’</span> <span class='ocrx_word' id='word_1_401' title='bbox 2757 3682 2862 3732; x_wconf 80' lang='lat' dir='ltr'>For</span> <span class='ocrx_word' id='word_1_402' title='bbox 2880 3698 2976 3731; x_wconf 73' lang='lat' dir='ltr'>ecca</span> 
     </span>
     <span class='ocr_line' id='line_1_36' title="bbox 565 3757 2978 3887; baseline -0 -27"><span class='ocrx_word' id='word_1_403' title='bbox 565 3762 819 3861; x_wconf 47' lang='lat' dir='ltr'>{¹33³ss</span> <span class='ocrx_word' id='word_1_404' title='bbox 838 3809 924 3861; x_wconf 78' lang='lat' dir='ltr'>the</span> <span class='ocrx_word' id='word_1_405' title='bbox 956 3763 1107 3861; x_wconf 44' lang='lat'><strong>0303?</strong></span> <span class='ocrx_word' id='word_1_406' title='bbox 1131 3812 1185 3862; x_wconf 68' lang='lat' dir='ltr'>of</span> <span class='ocrx_word' id='word_1_407' title='bbox 1217 3757 1716 3875; x_wconf 50' lang='grc' dir='ltr'>Βεῖἔῗέἓῗῇῗὲῗξ</span> <span class='ocrx_word' id='word_1_408' title='bbox 1838 3765 2187 3878; x_wconf 53' lang='grc' dir='ltr'>’ὡᾚῖᾛ</span> <span class='ocrx_word' id='word_1_409' title='bbox 2249 3784 2528 3877; x_wconf 58' lang='lat' dir='ltr'>’Piobably</span> <span class='ocrx_word' id='word_1_410' title='bbox 2569 3795 2702 3887; x_wconf 54' lang='lat' dir='ltr'>mg.</span> <span class='ocrx_word' id='word_1_411' title='bbox 2758 3810 2978 3862; x_wconf 55' lang='lat' dir='ltr'>cmm</span> 
     </span>
     <span class='ocr_line' id='line_1_37' title="bbox 568 3876 2978 3941; baseline 0.001 -18"><span class='ocrx_word' id='word_1_412' title='bbox 568 3876 650 3924; x_wconf 74' lang='lat' dir='ltr'>but</span> <span class='ocrx_word' id='word_1_413' title='bbox 674 3882 721 3924; x_wconf 81' lang='lat' dir='ltr'>to</span> <span class='ocrx_word' id='word_1_414' title='bbox 784 3877 854 3924; x_wconf 73' lang='lat' dir='ltr'>ive</span> <span class='ocrx_word' id='word_1_415' title='bbox 874 3892 931 3924; x_wconf 72' lang='lat' dir='ltr'>uc</span> <span class='ocrx_word' id='word_1_416' title='bbox 952 3894 981 3925; x_wconf 90' lang='lat' dir='ltr'>a</span> <span class='ocrx_word' id='word_1_417' title='bbox 1017 3885 1149 3925; x_wconf 76' lang='lat' dir='ltr'>truer</span> <span class='ocrx_word' id='word_1_418' title='bbox 1167 3880 1349 3940; x_wconf 71' lang='lat' dir='ltr'>imiqht</span> <span class='ocrx_word' id='word_1_419' title='bbox 1374 3881 1473 3927; x_wconf 78' lang='lat' dir='ltr'>inco</span> <span class='ocrx_word' id='word_1_420' title='bbox 1496 3880 1574 3927; x_wconf 66' lang='lat' dir='ltr'>lais</span> <span class='ocrx_word' id='word_1_421' title='bbox 1595 3879 1712 3927; x_wconf 73' lang='lat' dir='ltr'>cha·</span> <span class='ocrx_word' id='word_1_422' title='bbox 1815 3893 1958 3941; x_wconf 90' lang='lat' dir='ltr'>poem</span> <span class='ocrx_word' id='word_1_423' title='bbox 1991 3895 2056 3928; x_wconf 91' lang='lat' dir='ltr'>on</span> <span class='ocrx_word' id='word_1_424' title='bbox 2091 3878 2298 3928; x_wconf 83' lang='lat' dir='ltr'>Marius.</span> <span class='ocrx_word' id='word_1_425' title='bbox 2355 3878 2478 3927; x_wconf 78' lang='lat' dir='ltr'>This</span> <span class='ocrx_word' id='word_1_426' title='bbox 2510 3892 2655 3940; x_wconf 89' lang='lat' dir='ltr'>poem</span> <span class='ocrx_word' id='word_1_427' title='bbox 2681 3892 2726 3926; x_wconf 74' lang='grc' dir='ltr'>ιι</span> <span class='ocrx_word' id='word_1_428' title='bbox 2757 3877 2978 3927; x_wconf 75' lang='lat' dir='ltr'>referred</span> 
     </span>
     <span class='ocr_line' id='line_1_38' title="bbox 569 3940 2979 4007; baseline 0.001 -18"><span class='ocrx_word' id='word_1_429' title='bbox 569 3947 727 3989; x_wconf 71' lang='lat' dir='ltr'>ructor</span> <span class='ocrx_word' id='word_1_430' title='bbox 783 3940 798 3965; x_wconf 88' lang='lat'>&#39;</span> <span class='ocrx_word' id='word_1_431' title='bbox 836 3940 899 3989; x_wconf 90' lang='lat' dir='ltr'>In</span> <span class='ocrx_word' id='word_1_432' title='bbox 923 3940 1064 3990; x_wconf 83' lang='lat' dir='ltr'>Fam.</span> <span class='ocrx_word' id='word_1_433' title='bbox 1080 3942 1114 3990; x_wconf 90' lang='lat' dir='ltr'>i.</span> <span class='ocrx_word' id='word_1_434' title='bbox 1133 3943 1179 4000; x_wconf 85' lang='lat'>7,</span> <span class='ocrx_word' id='word_1_435' title='bbox 1206 3944 1255 4003; x_wconf 79' lang='lat'>5,</span> <span class='ocrx_word' id='word_1_436' title='bbox 1309 3950 1408 3991; x_wconf 66' lang='lat' dir='ltr'>acti</span> <span class='ocrx_word' id='word_1_437' title='bbox 1421 3944 1650 3992; x_wconf 75' lang='lat' dir='ltr'>iudicium</span> <span class='ocrx_word' id='word_1_438' title='bbox 1670 3943 1715 3992; x_wconf 87' lang='lat' dir='ltr'>is</span> <span class='ocrx_word' id='word_1_439' title='bbox 1815 3949 1868 3993; x_wconf 87' lang='lat' dir='ltr'>to</span> <span class='ocrx_word' id='word_1_440' title='bbox 1893 3943 1963 4007; x_wconf 82' lang='lat' dir='ltr'>by</span> <span class='ocrx_word' id='word_1_441' title='bbox 1986 3942 2157 3993; x_wconf 83' lang='lat' dir='ltr'>Cicero</span> <span class='ocrx_word' id='word_1_442' title='bbox 2189 3942 2244 3991; x_wconf 91' lang='lat' dir='ltr'>in</span> <span class='ocrx_word' id='word_1_443' title='bbox 2264 3946 2319 3992; x_wconf 76' lang='lat' dir='ltr'>de</span> <span class='ocrx_word' id='word_1_444' title='bbox 2343 3945 2487 4005; x_wconf 74' lang='lat' dir='ltr'>Leqq.</span> <span class='ocrx_word' id='word_1_445' title='bbox 2513 3942 2550 3990; x_wconf 91' lang='lat' dir='ltr'>i.</span> <span class='ocrx_word' id='word_1_446' title='bbox 2582 3945 2626 4002; x_wconf 90' lang='lat'>1,</span> <span class='ocrx_word' id='word_1_447' title='bbox 2660 3942 2760 3991; x_wconf 89' lang='lat' dir='ltr'>and</span> <span class='ocrx_word' id='word_1_448' title='bbox 2781 3951 2892 4005; x_wconf 72' lang='lat' dir='ltr'>part</span> <span class='ocrx_word' id='word_1_449' title='bbox 2922 3941 2979 3991; x_wconf 72' lang='lat' dir='ltr'>of</span> 
     </span>
    </p>
   </div>
   <div class='ocr_carea' id='block_1_8' title="bbox 566 4004 2978 4199">
    <p class='ocr_par' dir='ltr' id='par_1_10' title="bbox 566 4004 2978 4199">
     <span class='ocr_line' id='line_1_39' title="bbox 570 4004 2575 4072; baseline -0 -17"><span class='ocrx_word' id='word_1_450' title='bbox 570 4010 586 4033; x_wconf 89' lang='lat'>‘</span> <span class='ocrx_word' id='word_1_451' title='bbox 602 4004 689 4055; x_wconf 89' lang='lat' dir='ltr'>the</span> <span class='ocrx_word' id='word_1_452' title='bbox 710 4004 900 4054; x_wconf 79' lang='lat' dir='ltr'>verdict</span> <span class='ocrx_word' id='word_1_453' title='bbox 921 4022 981 4054; x_wconf 78' lang='lat' dir='ltr'>on</span> <span class='ocrx_word' id='word_1_454' title='bbox 1002 4006 1140 4055; x_wconf 85' lang='lat' dir='ltr'>one’s</span> <span class='ocrx_word' id='word_1_455' title='bbox 1162 4021 1255 4056; x_wconf 87' lang='lat' dir='ltr'>eon</span> <span class='ocrx_word' id='word_1_456' title='bbox 1288 4007 1411 4056; x_wconf 63' lang='lat' dir='ltr'>unt)</span> <span class='ocrx_word' id='word_1_457' title='bbox 1815 4007 1858 4056; x_wconf 89' lang='lat' dir='ltr'>it</span> <span class='ocrx_word' id='word_1_458' title='bbox 1879 4010 2062 4072; x_wconf 62' lang='lat' dir='ltr'>qumd</span> <span class='ocrx_word' id='word_1_459' title='bbox 2081 4007 2136 4057; x_wconf 90' lang='lat' dir='ltr'>in</span> <span class='ocrx_word' id='word_1_460' title='bbox 2160 4008 2236 4058; x_wconf 88' lang='lat' dir='ltr'>De</span> <span class='ocrx_word' id='word_1_461' title='bbox 2261 4007 2377 4057; x_wconf 83' lang='lat' dir='ltr'>Div.</span> <span class='ocrx_word' id='word_1_462' title='bbox 2398 4006 2435 4055; x_wconf 90' lang='lat' dir='ltr'>i.</span> <span class='ocrx_word' id='word_1_463' title='bbox 2467 4009 2575 4055; x_wconf 77' lang='lat'>106.</span> 
     </span>
     <span class='ocr_line' id='line_1_40' title="bbox 634 4069 2978 4136; baseline 0.001 -18"><span class='ocrx_word' id='word_1_464' title='bbox 634 4074 688 4118; x_wconf 79' lang='lat' dir='ltr'>in</span> <span class='ocrx_word' id='word_1_465' title='bbox 703 4070 873 4118; x_wconf 67' lang='lat' dir='ltr'>nablia</span> <span class='ocrx_word' id='word_1_466' title='bbox 887 4069 1015 4136; x_wconf 71' lang='lat' dir='ltr'>spes]</span> <span class='ocrx_word' id='word_1_467' title='bbox 1062 4070 1231 4121; x_wconf 87' lang='lat' dir='ltr'>Cicero</span> <span class='ocrx_word' id='word_1_468' title='bbox 1242 4071 1457 4136; x_wconf 86' lang='lat' dir='ltr'>thought</span> <span class='ocrx_word' id='word_1_469' title='bbox 1468 4071 1532 4121; x_wconf 91' lang='lat' dir='ltr'>he</span> <span class='ocrx_word' id='word_1_470' title='bbox 1548 4072 1715 4121; x_wconf 84' lang='lat' dir='ltr'>would</span> <span class='ocrx_word' id='word_1_471' title='bbox 1879 4075 1924 4120; x_wconf 75' lang='lat' dir='ltr'>ei</span> <span class='ocrx_word' id='word_1_472' title='bbox 1959 4074 2084 4121; x_wconf 73' lang='lat' dir='ltr'>solue</span> <span class='ocrx_word' id='word_1_473' title='bbox 2126 4089 2218 4121; x_wconf 78' lang='lat' dir='ltr'>non</span> <span class='ocrx_word' id='word_1_474' title='bbox 2247 4070 2469 4136; x_wconf 77' lang='lat' dir='ltr'>potuero]</span> <span class='ocrx_word' id='word_1_475' title='bbox 2569 4070 2699 4121; x_wconf 84' lang='lat' dir='ltr'>Boot</span> <span class='ocrx_word' id='word_1_476' title='bbox 2742 4085 2978 4135; x_wconf 74' lang='lat' dir='ltr'>proposes</span> 
     </span>
     <span class='ocr_line' id='line_1_41' title="bbox 566 4132 2949 4199; baseline 0 -15"><span class='ocrx_word' id='word_1_477' title='bbox 566 4133 714 4184; x_wconf 51' lang='lat' dir='ltr'>resst</span> <span class='ocrx_word' id='word_1_478' title='bbox 734 4132 927 4183; x_wconf 81' lang='lat' dir='ltr'>Caesar.</span> <span class='ocrx_word' id='word_1_479' title='bbox 1815 4137 1859 4184; x_wconf 73' lang='lat' dir='ltr'>ei</span> <span class='ocrx_word' id='word_1_480' title='bbox 1902 4139 2028 4186; x_wconf 71' lang='lat' dir='ltr'>solue</span> <span class='ocrx_word' id='word_1_481' title='bbox 2068 4152 2162 4185; x_wconf 72' lang='lat' dir='ltr'>non</span> <span class='ocrx_word' id='word_1_482' title='bbox 2197 4145 2413 4199; x_wconf 77' lang='lat' dir='ltr'>potuero,</span> <span class='ocrx_word' id='word_1_483' title='bbox 2463 4150 2582 4198; x_wconf 73' lang='lat' dir='ltr'>nno,</span> <span class='ocrx_word' id='word_1_484' title='bbox 2624 4137 2812 4197; x_wconf 66' lang='lat' dir='ltr'>pocius,</span> <span class='ocrx_word' id='word_1_485' title='bbox 2861 4136 2949 4185; x_wconf 71' lang='grc' dir='ltr'>ἀο.</span> 
     </span>
    </p>
   </div>
   <div class='ocr_carea' id='block_1_9' title="bbox 566 4172 2977 4589">
    <p class='ocr_par' dir='ltr' id='par_1_11' title="bbox 566 4172 2977 4589">
     <span class='ocr_line' id='line_1_42' title="bbox 632 4172 2977 4277; baseline 0.001 -30"><span class='ocrx_word' id='word_1_486' title='bbox 632 4203 689 4247; x_wconf 70' lang='lat' dir='ltr'>2ae</span> <span class='ocrx_word' id='word_1_487' title='bbox 709 4200 794 4247; x_wconf 80' lang='lat' dir='ltr'>illo</span> <span class='ocrx_word' id='word_1_488' title='bbox 819 4205 872 4247; x_wconf 77' lang='lat' dir='ltr'>tu</span> <span class='ocrx_word' id='word_1_489' title='bbox 893 4197 1077 4264; x_wconf 69' lang='lat' dir='ltr'>careas]</span> <span class='ocrx_word' id='word_1_490' title='bbox 1133 4199 1255 4248; x_wconf 72' lang='lat' dir='ltr'>This</span> <span class='ocrx_word' id='word_1_491' title='bbox 1283 4206 1417 4275; x_wconf 76' lang='lat' dir='ltr'>must</span> <span class='ocrx_word' id='word_1_492' title='bbox 1441 4199 1503 4249; x_wconf 90' lang='lat' dir='ltr'>be</span> <span class='ocrx_word' id='word_1_493' title='bbox 1533 4199 1640 4249; x_wconf 84' lang='lat' dir='ltr'>said</span> <span class='ocrx_word' id='word_1_494' title='bbox 1660 4199 1716 4250; x_wconf 89' lang='lat' dir='ltr'>in</span> <span class='ocrx_word' id='word_1_495' title='bbox 1814 4200 1940 4277; x_wconf 69' lang='lat' dir='ltr'>yith</span> <span class='ocrx_word' id='word_1_496' title='bbox 1984 4217 2119 4277; x_wconf 78' lang='lat' dir='ltr'>some</span> <span class='ocrx_word' id='word_1_497' title='bbox 2164 4201 2481 4265; x_wconf 81' lang='lat' dir='ltr'>probability.</span> <span class='ocrx_word' id='word_1_498' title='bbox 2574 4199 2678 4277; x_wconf 80' lang='lat' dir='ltr'>But</span> <span class='ocrx_word' id='word_1_499' title='bbox 2727 4200 2818 4276; x_wconf 73' lang='lat' dir='ltr'>the</span> <span class='ocrx_word' id='word_1_500' title='bbox 2855 4172 2977 4249; x_wconf 53' lang='lat' dir='ltr'>verli</span> 
     </span>
     <span class='ocr_line' id='line_1_43' title="bbox 566 4262 2976 4406; baseline 0 -29"><span class='ocrx_word' id='word_1_501' title='bbox 566 4262 1717 4392; x_wconf 52' lang='lat' dir='ltr'>:ffifflfflfmsstfflffioffffizss</span> <span class='ocrx_word' id='word_1_502' title='bbox 1812 4265 2769 4406; x_wconf 50' lang='lat' dir='ltr'>Jfflntssoecissefflyissffi‘ffr</span> <span class='ocrx_word' id='word_1_503' title='bbox 2790 4264 2976 4389; x_wconf 44' lang='lat'>¹5²0&amp;</span> 
     </span>
     <span class='ocr_line' id='line_1_44' title="bbox 566 4391 2971 4472; baseline 0.002 -31"><span class='ocrx_word' id='word_1_504' title='bbox 566 4391 633 4441; x_wconf 90' lang='lat' dir='ltr'>he</span> <span class='ocrx_word' id='word_1_505' title='bbox 664 4392 808 4440; x_wconf 86' lang='lat' dir='ltr'>could</span> <span class='ocrx_word' id='word_1_506' title='bbox 838 4407 903 4441; x_wconf 92' lang='lat' dir='ltr'>no</span> <span class='ocrx_word' id='word_1_507' title='bbox 923 4391 1097 4455; x_wconf 88' lang='lat' dir='ltr'>longer</span> <span class='ocrx_word' id='word_1_508' title='bbox 1117 4393 1238 4455; x_wconf 87' lang='lat' dir='ltr'>keep</span> <span class='ocrx_word' id='word_1_509' title='bbox 1260 4409 1403 4472; x_wconf 65' lang='lat' dir='ltr'>away</span> <span class='ocrx_word' id='word_1_510' title='bbox 1424 4393 1554 4469; x_wconf 79' lang='lat' dir='ltr'>from</span> <span class='ocrx_word' id='word_1_511' title='bbox 1575 4392 1710 4444; x_wconf 87' lang='lat' dir='ltr'>him:</span> <span class='ocrx_word' id='word_1_512' title='bbox 1813 4394 2055 4470; x_wconf 74' lang='lat' dir='ltr'>iudicium</span> <span class='ocrx_word' id='word_1_513' title='bbox 2086 4411 2129 4444; x_wconf 70' lang='lat' dir='ltr'>si</span> <span class='ocrx_word' id='word_1_514' title='bbox 2150 4394 2344 4460; x_wconf 75' lang='lat' dir='ltr'>quaeris</span> <span class='ocrx_word' id='word_1_515' title='bbox 2373 4394 2521 4458; x_wconf 84' lang='lat' dir='ltr'>quale</span> <span class='ocrx_word' id='word_1_516' title='bbox 2541 4392 2717 4457; x_wconf 81' lang='lat' dir='ltr'>fuerit,</span> <span class='ocrx_word' id='word_1_517' title='bbox 2754 4393 2971 4445; x_wconf 83' lang='lat' dir='ltr'>incredi-</span> 
     </span>
     <span class='ocr_line' id='line_1_45' title="bbox 566 4457 2976 4589; baseline 0.002 -19"><span class='ocrx_word' id='word_1_518' title='bbox 566 4472 815 4570; x_wconf 49' lang='lat' dir='ltr'>‹ffdlipizrit</span> <span class='ocrx_word' id='word_1_519' title='bbox 827 4458 1356 4583; x_wconf 45' lang='lat' dir='ltr'>tggtlnpd‘slsdsslsemt’hdipa</span> <span class='ocrx_word' id='word_1_520' title='bbox 1380 4457 1716 4586; x_wconf 41' lang='lat' dir='ltr'>:01:320ssde</span> <span class='ocrx_word' id='word_1_521' title='bbox 1814 4459 2275 4574; x_wconf 36' lang='lat' dir='ltr'>bnifffifflruh</span> <span class='ocrx_word' id='word_1_522' title='bbox 2308 4521 2590 4589; x_wconf 64' lang='lat' dir='ltr'>Muluiana]</span> <span class='ocrx_word' id='word_1_523' title='bbox 2658 4522 2909 4587; x_wconf 51' lang='lat' dir='ltr'>Mulvium</span> <span class='ocrx_word' id='word_1_524' title='bbox 2943 4539 2976 4574; x_wconf 72' lang='lat' dir='ltr'>a</span> 
     </span>
    </p>
   </div>
   <div class='ocr_carea' id='block_1_10' title="bbox 3191 1631 3207 2222">
    <p class='ocr_par' dir='ltr' id='par_1_12' title="bbox 3191 1631 3207 2222">
     <span class='ocr_line' id='line_1_46' title="bbox 3191 1631 3207 2222; baseline 0 0"><span class='ocrx_word' id='word_1_525' title='bbox 3191 1631 3207 2222; x_wconf 95' lang='lat' dir='ltr'> </span> 
     </span>
    </p>
   </div>
  </div>
 </body>
</html>
