<?xml version="1.0" encoding="UTF-8"?>
<!DOCTYPE html PUBLIC "-//W3C//DTD XHTML 1.0 Transitional//EN"
    "http://www.w3.org/TR/xhtml1/DTD/xhtml1-transitional.dtd">
<html xmlns="http://www.w3.org/1999/xhtml" xml:lang="en" lang="en">
 <head>
  <title>
</title>
<meta http-equiv="Content-Type" content="text/html;charset=utf-8" />
  <meta name='ocr-system' content='tesseract 3.04.00' />
  <meta name='ocr-capabilities' content='ocr_page ocr_carea ocr_par ocr_line ocrx_word'/>
</head>
<body>
  <div class='ocr_page' id='page_1' title='image "./correspondencem02pursgoog_0195.png"; bbox 0 0 3229 5145; ppageno 0'>
   <div class='ocr_carea' id='block_1_1' title="bbox 901 474 2667 562">
    <p class='ocr_par' dir='ltr' id='par_1_1' title="bbox 901 474 2667 562">
     <span class='ocr_line' id='line_1_1' title="bbox 901 474 2667 562; baseline -0.003 -20"><span class='ocrx_word' id='word_1_1' title='bbox 901 477 1046 542; x_wconf 82' lang='grc' dir='ltr'><strong>ΕΡ.</strong></span> <span class='ocrx_word' id='word_1_2' title='bbox 1094 476 1267 542; x_wconf 81' lang='lat' dir='ltr'><strong><em>XII.</em></strong></span> <span class='ocrx_word' id='word_1_3' title='bbox 1317 474 1471 562; x_wconf 84' lang='lat' dir='ltr'><strong>(DE</strong></span> <span class='ocrx_word' id='word_1_4' title='bbox 1509 476 1717 541; x_wconf 83' lang='lat' dir='ltr'><strong><em>PET.</em></strong></span> <span class='ocrx_word' id='word_1_5' title='bbox 1767 475 2049 562; x_wconf 78' lang='lat' dir='ltr'><strong>ooNs.)</strong></span> <span class='ocrx_word' id='word_1_6' title='bbox 2544 475 2667 539; x_wconf 85' lang='lat'><strong>169</strong></span> 
     </span>
    </p>
   </div>
   <div class='ocr_carea' id='block_1_2' title="bbox 282 647 2681 2599">
    <p class='ocr_par' dir='ltr' id='par_1_2' title="bbox 282 647 2681 2599">
     <span class='ocr_line' id='line_1_2' title="bbox 284 647 2672 739; baseline -0.002 -21"><span class='ocrx_word' id='word_1_7' title='bbox 284 657 501 718; x_wconf 89' lang='lat' dir='ltr'><strong>autem</strong></span> <span class='ocrx_word' id='word_1_8' title='bbox 527 651 660 718; x_wconf 86' lang='lat' dir='ltr'><strong>late</strong></span> <span class='ocrx_word' id='word_1_9' title='bbox 686 654 883 739; x_wconf 87' lang='lat' dir='ltr'><strong>patet.</strong></span> <span class='ocrx_word' id='word_1_10' title='bbox 973 649 1097 717; x_wconf 86' lang='lat' dir='ltr'><strong>Est</strong></span> <span class='ocrx_word' id='word_1_11' title='bbox 1123 649 1194 715; x_wconf 91' lang='lat' dir='ltr'><strong>in</strong></span> <span class='ocrx_word' id='word_1_12' title='bbox 1222 672 1293 716; x_wconf 94' lang='lat' dir='ltr'><strong>re</strong></span> <span class='ocrx_word' id='word_1_13' title='bbox 1332 648 1657 729; x_wconf 76' lang='lat' dir='ltr'><strong>familiari,</strong></span> <span class='ocrx_word' id='word_1_14' title='bbox 1702 672 1868 735; x_wconf 90' lang='lat' dir='ltr'><strong>quae</strong></span> <span class='ocrx_word' id='word_1_15' title='bbox 1902 671 2291 735; x_wconf 87' lang='lat' dir='ltr'><strong>quamquam</strong></span> <span class='ocrx_word' id='word_1_16' title='bbox 2334 648 2419 713; x_wconf 89' lang='lat' dir='ltr'><strong>ad</strong></span> <span class='ocrx_word' id='word_1_17' title='bbox 2449 647 2672 714; x_wconf 86' lang='lat' dir='ltr'><strong>multi-</strong></span> 
     </span>
     <span class='ocr_line' id='line_1_3' title="bbox 285 740 2673 841; baseline -0.002 -19"><span class='ocrx_word' id='word_1_18' title='bbox 285 755 579 822; x_wconf 79' lang='lat' dir='ltr'><strong>tudinem</strong></span> <span class='ocrx_word' id='word_1_19' title='bbox 607 755 937 841; x_wconf 87' lang='lat' dir='ltr'><strong>pervenire</strong></span> <span class='ocrx_word' id='word_1_20' title='bbox 965 775 1099 819; x_wconf 94' lang='lat' dir='ltr'><strong>non</strong></span> <span class='ocrx_word' id='word_1_21' title='bbox 1127 756 1356 839; x_wconf 88' lang='lat' dir='ltr'><strong>potest,</strong></span> <span class='ocrx_word' id='word_1_22' title='bbox 1383 757 1603 818; x_wconf 86' lang='lat' dir='ltr'><strong>tamen</strong></span> <span class='ocrx_word' id='word_1_23' title='bbox 1634 752 1717 819; x_wconf 91' lang='lat' dir='ltr'><strong>ab</strong></span> <span class='ocrx_word' id='word_1_24' title='bbox 1746 754 1967 819; x_wconf 85' lang='lat' dir='ltr'><strong>amieis</strong></span> <span class='ocrx_word' id='word_1_25' title='bbox 2003 754 2059 819; x_wconf 88' lang='lat' dir='ltr'><strong>si</strong></span> <span class='ocrx_word' id='word_1_26' title='bbox 2086 753 2407 833; x_wconf 85' lang='lat' dir='ltr'><strong>laudatur,</strong></span> <span class='ocrx_word' id='word_1_27' title='bbox 2451 740 2673 818; x_wconf 74' lang='grc' dir='ltr'>1111111ῑῖ-</span> 
     </span>
     <span class='ocr_line' id='line_1_4' title="bbox 283 854 2676 945; baseline -0.002 -21"><span class='ocrx_word' id='word_1_28' title='bbox 283 857 499 924; x_wconf 85' lang='lat' dir='ltr'><strong>tudini</strong></span> <span class='ocrx_word' id='word_1_29' title='bbox 540 862 729 945; x_wconf 86' lang='lat' dir='ltr'><strong>grata</strong></span> <span class='ocrx_word' id='word_1_30' title='bbox 771 861 907 924; x_wconf 88' lang='lat' dir='ltr'><strong>est:</strong></span> <span class='ocrx_word' id='word_1_31' title='bbox 954 861 1049 923; x_wconf 90' lang='lat' dir='ltr'><strong>est</strong></span> <span class='ocrx_word' id='word_1_32' title='bbox 1076 856 1148 922; x_wconf 90' lang='lat' dir='ltr'><strong>in</strong></span> <span class='ocrx_word' id='word_1_33' title='bbox 1176 855 1504 936; x_wconf 85' lang='lat' dir='ltr'><strong>oonviviis,</strong></span> <span class='ocrx_word' id='word_1_34' title='bbox 1540 879 1706 942; x_wconf 85' lang='lat' dir='ltr'><strong>qnae</strong></span> <span class='ocrx_word' id='word_1_35' title='bbox 1744 856 1848 923; x_wconf 81' lang='lat' dir='ltr'><strong>fae</strong></span> <span class='ocrx_word' id='word_1_36' title='bbox 1886 861 1952 923; x_wconf 94' lang='lat' dir='ltr'><strong>et</strong></span> <span class='ocrx_word' id='word_1_37' title='bbox 1991 855 2104 923; x_wconf 88' lang='lat' dir='ltr'><strong>abs</strong></span> <span class='ocrx_word' id='word_1_38' title='bbox 2140 860 2208 922; x_wconf 90' lang='lat' dir='ltr'><strong>te</strong></span> <span class='ocrx_word' id='word_1_39' title='bbox 2233 861 2299 922; x_wconf 89' lang='lat' dir='ltr'><strong>et</strong></span> <span class='ocrx_word' id='word_1_40' title='bbox 2333 855 2417 922; x_wconf 89' lang='lat' dir='ltr'><strong>ab</strong></span> <span class='ocrx_word' id='word_1_41' title='bbox 2454 854 2676 922; x_wconf 86' lang='lat' dir='ltr'><strong>amieis</strong></span> 
     </span>
     <span class='ocr_line' id='line_1_5' title="bbox 282 958 2677 1046; baseline -0.001 -18"><span class='ocrx_word' id='word_1_42' title='bbox 282 961 412 1028; x_wconf 91' lang='lat' dir='ltr'><strong>tuis</strong></span> <span class='ocrx_word' id='word_1_43' title='bbox 441 960 959 1028; x_wconf 88' lang='lat' dir='ltr'><strong>oonoelebrentur</strong></span> <span class='ocrx_word' id='word_1_44' title='bbox 986 964 1051 1026; x_wconf 86' lang='lat' dir='ltr'><strong>et</strong></span> <span class='ocrx_word' id='word_1_45' title='bbox 1072 959 1309 1046; x_wconf 84' lang='lat' dir='ltr'><strong>passim</strong></span> <span class='ocrx_word' id='word_1_46' title='bbox 1338 963 1404 1025; x_wconf 99' lang='lat' dir='ltr'><strong>et</strong></span> <span class='ocrx_word' id='word_1_47' title='bbox 1431 958 1768 1025; x_wconf 89' lang='lat' dir='ltr'><strong>tributim:</strong></span> <span class='ocrx_word' id='word_1_48' title='bbox 1806 964 1903 1025; x_wconf 93' lang='lat' dir='ltr'><strong>est</strong></span> <span class='ocrx_word' id='word_1_49' title='bbox 1923 960 2119 1026; x_wconf 87' lang='lat' dir='ltr'><strong>etiam</strong></span> <span class='ocrx_word' id='word_1_50' title='bbox 2138 960 2210 1024; x_wconf 90' lang='lat' dir='ltr'><strong>in</strong></span> <span class='ocrx_word' id='word_1_51' title='bbox 2238 980 2449 1044; x_wconf 86' lang='lat' dir='ltr'><strong>opera,</strong></span> <span class='ocrx_word' id='word_1_52' title='bbox 2478 980 2677 1044; x_wconf 88' lang='lat' dir='ltr'><strong>quam</strong></span> 
     </span>
     <span class='ocr_line' id='line_1_6' title="bbox 282 1062 2677 1155; baseline -0.001 -24"><span class='ocrx_word' id='word_1_53' title='bbox 282 1064 597 1151; x_wconf 81' lang='lat' dir='ltr'><strong>pervulga</strong></span> <span class='ocrx_word' id='word_1_54' title='bbox 625 1068 691 1130; x_wconf 93' lang='lat' dir='ltr'><strong>et</strong></span> <span class='ocrx_word' id='word_1_55' title='bbox 718 1064 1132 1142; x_wconf 85' lang='lat' dir='ltr'><strong>eommuniea,</strong></span> <span class='ocrx_word' id='word_1_56' title='bbox 1160 1085 1436 1148; x_wconf 79' lang='lat' dir='ltr'><strong>suraque</strong></span> <span class='ocrx_word' id='word_1_57' title='bbox 1464 1067 1540 1128; x_wconf 90' lang='lat' dir='ltr'><strong>ut</strong></span> <span class='ocrx_word' id='word_1_58' title='bbox 1561 1063 1775 1129; x_wconf 83' lang='lat' dir='ltr'><strong>aditus</strong></span> <span class='ocrx_word' id='word_1_59' title='bbox 1802 1064 1887 1129; x_wconf 89' lang='lat' dir='ltr'><strong>ad</strong></span> <span class='ocrx_word' id='word_1_60' title='bbox 1915 1067 1980 1130; x_wconf 93' lang='lat' dir='ltr'><strong>te</strong></span> <span class='ocrx_word' id='word_1_61' title='bbox 2008 1062 2227 1128; x_wconf 90' lang='lat' dir='ltr'><strong>diurni</strong></span> <span class='ocrx_word' id='word_1_62' title='bbox 2253 1062 2677 1155; x_wconf 78' lang='lat' dir='ltr'><strong>nocturnique</strong></span> 
     </span>
     <span class='ocr_line' id='line_1_7' title="bbox 285 1165 2680 1254; baseline -0.002 -20"><span class='ocrx_word' id='word_1_63' title='bbox 285 1171 574 1254; x_wconf 85' lang='lat' dir='ltr'><strong>pateant,</strong></span> <span class='ocrx_word' id='word_1_64' title='bbox 608 1189 816 1253; x_wconf 90' lang='lat' dir='ltr'><strong>neque</strong></span> <span class='ocrx_word' id='word_1_65' title='bbox 858 1166 1065 1232; x_wconf 88' lang='lat' dir='ltr'><strong>solum</strong></span> <span class='ocrx_word' id='word_1_66' title='bbox 1103 1165 1346 1232; x_wconf 87' lang='lat' dir='ltr'><strong>foribus</strong></span> <span class='ocrx_word' id='word_1_67' title='bbox 1382 1165 1641 1232; x_wconf 87' lang='lat' dir='ltr'><strong>aedium</strong></span> <span class='ocrx_word' id='word_1_68' title='bbox 1673 1171 1954 1248; x_wconf 89' lang='lat' dir='ltr'><strong>tuarum,</strong></span> <span class='ocrx_word' id='word_1_69' title='bbox 1994 1167 2105 1232; x_wconf 90' lang='lat' dir='ltr'><strong>sed</strong></span> <span class='ocrx_word' id='word_1_70' title='bbox 2139 1166 2337 1231; x_wconf 86' lang='lat' dir='ltr'><strong>etiam</strong></span> <span class='ocrx_word' id='word_1_71' title='bbox 2373 1165 2562 1231; x_wconf 86' lang='lat' dir='ltr'><strong>vultu</strong></span> <span class='ocrx_word' id='word_1_72' title='bbox 2603 1187 2680 1230; x_wconf 88' lang='lat' dir='ltr'><strong>ao</strong></span> 
     </span>
     <span class='ocr_line' id='line_1_8' title="bbox 285 1268 2677 1357; baseline -0.001 -20"><span class='ocrx_word' id='word_1_73' title='bbox 285 1271 521 1348; x_wconf 78' lang='lat' dir='ltr'><strong>fronte,</strong></span> <span class='ocrx_word' id='word_1_74' title='bbox 554 1292 717 1356; x_wconf 89' lang='lat' dir='ltr'><strong>quae</strong></span> <span class='ocrx_word' id='word_1_75' title='bbox 745 1275 842 1337; x_wconf 90' lang='lat' dir='ltr'><strong>est</strong></span> <span class='ocrx_word' id='word_1_76' title='bbox 862 1269 1064 1336; x_wconf 89' lang='lat' dir='ltr'><strong>animi</strong></span> <span class='ocrx_word' id='word_1_77' title='bbox 1084 1268 1281 1335; x_wconf 87' lang='lat' dir='ltr'><strong>ianua</strong></span> <span class='ocrx_word' id='word_1_78' title='bbox 1303 1292 1319 1335; x_wconf 85' lang='lat'>:</span> <span class='ocrx_word' id='word_1_79' title='bbox 1354 1292 1521 1355; x_wconf 87' lang='lat' dir='ltr'><strong>quae</strong></span> <span class='ocrx_word' id='word_1_80' title='bbox 1548 1269 1605 1335; x_wconf 92' lang='lat' dir='ltr'><strong>si</strong></span> <span class='ocrx_word' id='word_1_81' title='bbox 1626 1270 1948 1357; x_wconf 83' lang='lat' dir='ltr'><strong>signifieat</strong></span> <span class='ocrx_word' id='word_1_82' title='bbox 1969 1270 2368 1336; x_wconf 83' lang='lat' dir='ltr'><strong>voluntatem</strong></span> <span class='ocrx_word' id='word_1_83' title='bbox 2389 1268 2677 1335; x_wconf 87' lang='lat' dir='ltr'><strong>abditam</strong></span> 
     </span>
     <span class='ocr_line' id='line_1_9' title="bbox 284 1372 2670 1460; baseline -0.002 -19"><span class='ocrx_word' id='word_1_84' title='bbox 284 1397 418 1441; x_wconf 91' lang='lat' dir='ltr'><strong>esse</strong></span> <span class='ocrx_word' id='word_1_85' title='bbox 448 1396 521 1441; x_wconf 87' lang='lat' dir='ltr'><strong>ao</strong></span> <span class='ocrx_word' id='word_1_86' title='bbox 549 1378 881 1453; x_wconf 76' lang='lat' dir='ltr'><strong>retrusam,</strong></span> <span class='ocrx_word' id='word_1_87' title='bbox 911 1372 1095 1459; x_wconf 85' lang='lat' dir='ltr'><strong>parvi</strong></span> <span class='ocrx_word' id='word_1_88' title='bbox 1121 1395 1192 1439; x_wconf 91' lang='lat' dir='ltr'><strong>re</strong></span> <span class='ocrx_word' id='word_1_89' title='bbox 1221 1372 1350 1439; x_wconf 82' lang='lat' dir='ltr'><strong>fert</strong></span> <span class='ocrx_word' id='word_1_90' title='bbox 1376 1376 1598 1460; x_wconf 87' lang='lat' dir='ltr'><strong>patere</strong></span> <span class='ocrx_word' id='word_1_91' title='bbox 1628 1373 1883 1440; x_wconf 88' lang='lat' dir='ltr'><strong>ostium.</strong></span> <span class='ocrx_word' id='word_1_92' title='bbox 1973 1373 2294 1440; x_wconf 77' lang='lat' dir='ltr'><strong>Homines</strong></span> <span class='ocrx_word' id='word_1_93' title='bbox 2334 1372 2509 1439; x_wconf 92' lang='lat' dir='ltr'><strong>enim</strong></span> <span class='ocrx_word' id='word_1_94' title='bbox 2535 1393 2670 1437; x_wconf 90' lang='lat' dir='ltr'><strong>non</strong></span> 
     </span>
     <span class='ocr_line' id='line_1_10' title="bbox 284 1474 2678 1564; baseline -0.001 -21"><span class='ocrx_word' id='word_1_95' title='bbox 284 1478 476 1543; x_wconf 90' lang='lat' dir='ltr'><strong>modo</strong></span> <span class='ocrx_word' id='word_1_96' title='bbox 504 1476 793 1563; x_wconf 80' lang='lat' dir='ltr'><strong>promitti</strong></span> <span class='ocrx_word' id='word_1_97' title='bbox 813 1475 955 1555; x_wconf 90' lang='lat' dir='ltr'><strong>sibi,</strong></span> <span class='ocrx_word' id='word_1_98' title='bbox 985 1476 1360 1561; x_wconf 85' lang='lat' dir='ltr'><strong>praesertim</strong></span> <span class='ocrx_word' id='word_1_99' title='bbox 1390 1476 1564 1561; x_wconf 90' lang='lat' dir='ltr'><strong>quod</strong></span> <span class='ocrx_word' id='word_1_100' title='bbox 1586 1477 1670 1542; x_wconf 91' lang='lat' dir='ltr'><strong>de</strong></span> <span class='ocrx_word' id='word_1_101' title='bbox 1700 1477 2041 1543; x_wconf 75' lang='lat' dir='ltr'><strong>candidato</strong></span> <span class='ocrx_word' id='word_1_102' title='bbox 2069 1480 2315 1564; x_wconf 83' lang='lat' dir='ltr'><strong>petant,</strong></span> <span class='ocrx_word' id='word_1_103' title='bbox 2345 1477 2459 1542; x_wconf 90' lang='lat' dir='ltr'><strong>sed</strong></span> <span class='ocrx_word' id='word_1_104' title='bbox 2479 1474 2678 1541; x_wconf 88' lang='lat' dir='ltr'><strong>etiam</strong></span> 
     </span>
     <span class='ocr_line' id='line_1_11' title="bbox 283 1578 2678 1667; baseline -0.001 -20"><span class='ocrx_word' id='word_1_105' title='bbox 283 1581 468 1667; x_wconf 86' lang='lat' dir='ltr'><strong>large</strong></span> <span class='ocrx_word' id='word_1_106' title='bbox 511 1585 703 1667; x_wconf 86' lang='lat' dir='ltr'><strong>atque</strong></span> <span class='ocrx_word' id='word_1_107' title='bbox 747 1579 1091 1647; x_wconf 85' lang='lat' dir='ltr'><strong>honorifiee</strong></span> <span class='ocrx_word' id='word_1_108' title='bbox 1134 1580 1426 1666; x_wconf 85' lang='lat' dir='ltr'><strong>promitti</strong></span> <span class='ocrx_word' id='word_1_109' title='bbox 1461 1580 1710 1646; x_wconf 74' lang='lat' dir='ltr'><strong>volunt.</strong></span> <span class='ocrx_word' id='word_1_110' title='bbox 1802 1581 1907 1646; x_wconf 86' lang='lat'><strong>45.</strong></span> <span class='ocrx_word' id='word_1_111' title='bbox 1955 1579 2103 1652; x_wconf 84' lang='lat' dir='ltr'><strong>Qua</strong></span> <span class='ocrx_word' id='word_1_112' title='bbox 2142 1603 2213 1647; x_wconf 91' lang='lat' dir='ltr'><strong>re</strong></span> <span class='ocrx_word' id='word_1_113' title='bbox 2254 1579 2375 1646; x_wconf 86' lang='lat' dir='ltr'><strong>hoo</strong></span> <span class='ocrx_word' id='word_1_114' title='bbox 2416 1578 2678 1665; x_wconf 90' lang='lat' dir='ltr'><strong>quidem</strong></span> 
     </span>
     <span class='ocr_line' id='line_1_12' title="bbox 286 1682 2678 1771; baseline -0.001 -20"><span class='ocrx_word' id='word_1_115' title='bbox 286 1685 477 1751; x_wconf 78' lang='lat' dir='ltr'><strong>facile</strong></span> <span class='ocrx_word' id='word_1_116' title='bbox 503 1689 908 1771; x_wconf 72' lang='lat' dir='ltr'><strong>praeseptum</strong></span> <span class='ocrx_word' id='word_1_117' title='bbox 938 1688 1053 1764; x_wconf 90' lang='lat' dir='ltr'><strong>est,</strong></span> <span class='ocrx_word' id='word_1_118' title='bbox 1083 1687 1179 1763; x_wconf 92' lang='lat' dir='ltr'><strong>ut,</strong></span> <span class='ocrx_word' id='word_1_119' title='bbox 1211 1684 1384 1768; x_wconf 90' lang='lat' dir='ltr'><strong>quod</strong></span> <span class='ocrx_word' id='word_1_120' title='bbox 1411 1685 1697 1749; x_wconf 86' lang='lat' dir='ltr'><strong>faoturus</strong></span> <span class='ocrx_word' id='word_1_121' title='bbox 1725 1684 1829 1764; x_wconf 90' lang='lat' dir='ltr'><strong>sis,</strong></span> <span class='ocrx_word' id='word_1_122' title='bbox 1858 1683 1929 1750; x_wconf 92' lang='lat' dir='ltr'><strong>id</strong></span> <span class='ocrx_word' id='word_1_123' title='bbox 1957 1684 2275 1771; x_wconf 82' lang='lat' dir='ltr'><strong>signifioes</strong></span> <span class='ocrx_word' id='word_1_124' title='bbox 2301 1687 2366 1750; x_wconf 90' lang='lat' dir='ltr'><strong>te</strong></span> <span class='ocrx_word' id='word_1_125' title='bbox 2394 1682 2678 1748; x_wconf 79' lang='lat' dir='ltr'><strong>studiose</strong></span> 
     </span>
     <span class='ocr_line' id='line_1_13' title="bbox 285 1786 2679 1875; baseline -0.001 -21"><span class='ocrx_word' id='word_1_126' title='bbox 285 1811 361 1854; x_wconf 86' lang='lat' dir='ltr'><strong>ao</strong></span> <span class='ocrx_word' id='word_1_127' title='bbox 387 1786 662 1854; x_wconf 87' lang='lat' dir='ltr'><strong>libenter</strong></span> <span class='ocrx_word' id='word_1_128' title='bbox 688 1810 820 1854; x_wconf 91' lang='lat' dir='ltr'><strong>esse</strong></span> <span class='ocrx_word' id='word_1_129' title='bbox 849 1787 1193 1868; x_wconf 78' lang='lat' dir='ltr'><strong>facturum,</strong></span> <span class='ocrx_word' id='word_1_130' title='bbox 1223 1787 1389 1853; x_wconf 91' lang='lat' dir='ltr'><strong>illud</strong></span> <span class='ocrx_word' id='word_1_131' title='bbox 1419 1787 1741 1853; x_wconf 78' lang='lat' dir='ltr'><strong>difficilius</strong></span> <span class='ocrx_word' id='word_1_132' title='bbox 1769 1793 1833 1854; x_wconf 89' lang='lat' dir='ltr'><strong>et</strong></span> <span class='ocrx_word' id='word_1_133' title='bbox 1861 1788 2070 1875; x_wconf 80' lang='lat' dir='ltr'><strong>magis</strong></span> <span class='ocrx_word' id='word_1_134' title='bbox 2098 1788 2182 1854; x_wconf 87' lang='lat' dir='ltr'><strong>ad</strong></span> <span class='ocrx_word' id='word_1_135' title='bbox 2202 1791 2456 1874; x_wconf 90' lang='lat' dir='ltr'><strong>tempus</strong></span> <span class='ocrx_word' id='word_1_136' title='bbox 2482 1808 2679 1872; x_wconf 85' lang='lat' dir='ltr'><strong>quam</strong></span> 
     </span>
     <span class='ocr_line' id='line_1_14' title="bbox 288 1890 2678 1977; baseline -0.001 -20"><span class='ocrx_word' id='word_1_137' title='bbox 288 1892 375 1957; x_wconf 84' lang='lat' dir='ltr'><strong>ad</strong></span> <span class='ocrx_word' id='word_1_138' title='bbox 415 1896 714 1957; x_wconf 87' lang='lat' dir='ltr'><strong>naturam</strong></span> <span class='ocrx_word' id='word_1_139' title='bbox 757 1891 1303 1957; x_wconf 72' lang='lat' dir='ltr'><strong>accommodatum</strong></span> <span class='ocrx_word' id='word_1_140' title='bbox 1345 1895 1547 1971; x_wconf 85' lang='lat' dir='ltr'><strong>tuam,</strong></span> <span class='ocrx_word' id='word_1_141' title='bbox 1594 1892 1769 1977; x_wconf 90' lang='lat' dir='ltr'><strong>quod</strong></span> <span class='ocrx_word' id='word_1_142' title='bbox 1798 1891 2005 1958; x_wconf 80' lang='lat' dir='ltr'><strong>faeere</strong></span> <span class='ocrx_word' id='word_1_143' title='bbox 2049 1912 2182 1958; x_wconf 93' lang='lat' dir='ltr'><strong>non</strong></span> <span class='ocrx_word' id='word_1_144' title='bbox 2220 1891 2439 1977; x_wconf 78' lang='lat' dir='ltr'><strong>poesie,</strong></span> <span class='ocrx_word' id='word_1_145' title='bbox 2487 1894 2562 1956; x_wconf 93' lang='lat' dir='ltr'><strong>ut</strong></span> <span class='ocrx_word' id='word_1_146' title='bbox 2605 1890 2678 1956; x_wconf 90' lang='lat' dir='ltr'><strong>id</strong></span> 
     </span>
     <span class='ocr_line' id='line_1_15' title="bbox 286 1993 2679 2080; baseline -0.001 -19"><span class='ocrx_word' id='word_1_147' title='bbox 286 1999 403 2061; x_wconf 85' lang='lat' dir='ltr'><strong>aut</strong></span> <span class='ocrx_word' id='word_1_148' title='bbox 435 2042 706 2061; x_wconf 91' lang='grc'><strong>......</strong></span> <span class='ocrx_word' id='word_1_149' title='bbox 737 1994 1016 2061; x_wconf 81' lang='lat' dir='ltr'><strong>ineundo</strong></span> <span class='ocrx_word' id='word_1_150' title='bbox 1048 2016 1281 2080; x_wconf 85' lang='lat' dir='ltr'><strong>neges:</strong></span> <span class='ocrx_word' id='word_1_151' title='bbox 1327 2016 1601 2080; x_wconf 91' lang='lat' dir='ltr'><strong>quorum</strong></span> <span class='ocrx_word' id='word_1_152' title='bbox 1630 1994 1904 2061; x_wconf 89' lang='lat' dir='ltr'><strong>alterum</strong></span> <span class='ocrx_word' id='word_1_153' title='bbox 1931 1998 2028 2061; x_wconf 89' lang='lat' dir='ltr'><strong>est</strong></span> <span class='ocrx_word' id='word_1_154' title='bbox 2054 1993 2210 2062; x_wconf 91' lang='lat' dir='ltr'><strong>boni</strong></span> <span class='ocrx_word' id='word_1_155' title='bbox 2231 1994 2373 2074; x_wconf 82' lang='lat' dir='ltr'><strong>viri,</strong></span> <span class='ocrx_word' id='word_1_156' title='bbox 2403 1993 2679 2060; x_wconf 90' lang='lat' dir='ltr'><strong>alterum</strong></span> 
     </span>
     <span class='ocr_line' id='line_1_16' title="bbox 285 2096 2677 2184; baseline -0.002 -19"><span class='ocrx_word' id='word_1_157' title='bbox 285 2096 443 2165; x_wconf 90' lang='lat' dir='ltr'><strong>boni</strong></span> <span class='ocrx_word' id='word_1_158' title='bbox 486 2098 796 2184; x_wconf 88' lang='lat' dir='ltr'><strong>petitoris.</strong></span> <span class='ocrx_word' id='word_1_159' title='bbox 884 2096 1064 2164; x_wconf 85' lang='lat' dir='ltr'><strong>Nam</strong></span> <span class='ocrx_word' id='word_1_160' title='bbox 1108 2120 1256 2164; x_wconf 88' lang='lat' dir='ltr'><strong>eum</strong></span> <span class='ocrx_word' id='word_1_161' title='bbox 1288 2097 1360 2164; x_wconf 91' lang='lat' dir='ltr'><strong>id</strong></span> <span class='ocrx_word' id='word_1_162' title='bbox 1396 2097 1660 2183; x_wconf 89' lang='lat' dir='ltr'><strong>petitur,</strong></span> <span class='ocrx_word' id='word_1_163' title='bbox 1709 2099 1883 2184; x_wconf 90' lang='lat' dir='ltr'><strong>quod</strong></span> <span class='ocrx_word' id='word_1_164' title='bbox 1917 2097 2181 2165; x_wconf 80' lang='lat' dir='ltr'><strong>honeste</strong></span> <span class='ocrx_word' id='word_1_165' title='bbox 2231 2103 2346 2164; x_wconf 87' lang='lat' dir='ltr'><strong>aut</strong></span> <span class='ocrx_word' id='word_1_166' title='bbox 2390 2097 2528 2162; x_wconf 90' lang='lat' dir='ltr'><strong>sine</strong></span> <span class='ocrx_word' id='word_1_167' title='bbox 2567 2097 2677 2162; x_wconf 90' lang='lat' dir='ltr'><strong>de·</strong></span> 
     </span>
     <span class='ocr_line' id='line_1_17' title="bbox 286 2200 2679 2288; baseline -0.001 -21"><span class='ocrx_word' id='word_1_168' title='bbox 286 2201 591 2267; x_wconf 90' lang='lat' dir='ltr'><strong>trimento</strong></span> <span class='ocrx_word' id='word_1_169' title='bbox 624 2207 841 2268; x_wconf 88' lang='lat' dir='ltr'><strong>nostro</strong></span> <span class='ocrx_word' id='word_1_170' title='bbox 883 2201 1253 2288; x_wconf 78' lang='lat' dir='ltr'><strong>promittere</strong></span> <span class='ocrx_word' id='word_1_171' title='bbox 1286 2222 1420 2266; x_wconf 90' lang='lat' dir='ltr'><strong>non</strong></span> <span class='ocrx_word' id='word_1_172' title='bbox 1453 2222 1808 2287; x_wconf 87' lang='lat' dir='ltr'><strong>possumus,</strong></span> <span class='ocrx_word' id='word_1_173' title='bbox 1833 2210 1972 2287; x_wconf 82' lang='lat' dir='ltr'><strong>&#39;quo</strong></span> <span class='ocrx_word' id='word_1_174' title='bbox 2002 2201 2193 2268; x_wconf 90' lang='lat' dir='ltr'><strong>modo</strong></span> <span class='ocrx_word' id='word_1_175' title='bbox 2233 2201 2289 2267; x_wconf 88' lang='lat' dir='ltr'><strong>si</strong></span> <span class='ocrx_word' id='word_1_176' title='bbox 2324 2200 2436 2285; x_wconf 91' lang='lat' dir='ltr'><strong>qui</strong></span> <span class='ocrx_word' id='word_1_177' title='bbox 2473 2203 2679 2286; x_wconf 82' lang='lat' dir='ltr'><strong>roget,</strong></span> 
     </span>
     <span class='ocr_line' id='line_1_18' title="bbox 286 2303 2680 2391; baseline -0 -21"><span class='ocrx_word' id='word_1_178' title='bbox 286 2309 366 2370; x_wconf 92' lang='lat' dir='ltr'><strong>ut</strong></span> <span class='ocrx_word' id='word_1_179' title='bbox 393 2308 614 2371; x_wconf 85' lang='lat' dir='ltr'><strong>eontra</strong></span> <span class='ocrx_word' id='word_1_180' title='bbox 640 2305 918 2371; x_wconf 88' lang='lat' dir='ltr'><strong>amioum</strong></span> <span class='ocrx_word' id='word_1_181' title='bbox 947 2305 1230 2391; x_wconf 81' lang='lat' dir='ltr'><strong>aliquem</strong></span> <span class='ocrx_word' id='word_1_182' title='bbox 1257 2325 1514 2371; x_wconf 87' lang='lat' dir='ltr'><strong>oausam</strong></span> <span class='ocrx_word' id='word_1_183' title='bbox 1533 2303 1933 2390; x_wconf 80' lang='lat' dir='ltr'><strong>recipiamus,</strong></span> <span class='ocrx_word' id='word_1_184' title='bbox 1961 2303 2129 2370; x_wconf 93' lang='lat' dir='ltr'><strong>belle</strong></span> <span class='ocrx_word' id='word_1_185' title='bbox 2157 2305 2531 2391; x_wconf 86' lang='lat' dir='ltr'><strong>negandum</strong></span> <span class='ocrx_word' id='word_1_186' title='bbox 2559 2307 2680 2383; x_wconf 88' lang='lat' dir='ltr'><strong>est,</strong></span> 
     </span>
     <span class='ocr_line' id='line_1_19' title="bbox 289 2406 2681 2493; baseline -0 -20"><span class='ocrx_word' id='word_1_187' title='bbox 289 2412 367 2474; x_wconf 92' lang='lat' dir='ltr'><strong>ut</strong></span> <span class='ocrx_word' id='word_1_188' title='bbox 393 2409 689 2474; x_wconf 82' lang='lat' dir='ltr'><strong>ostendas</strong></span> <span class='ocrx_word' id='word_1_189' title='bbox 716 2408 1266 2487; x_wconf 76' lang='lat' dir='ltr'><strong>necessitudinem,</strong></span> <span class='ocrx_word' id='word_1_190' title='bbox 1299 2408 1693 2473; x_wconf 87' lang='lat' dir='ltr'><strong>demonstres</strong></span> <span class='ocrx_word' id='word_1_191' title='bbox 1714 2430 1909 2493; x_wconf 87' lang='lat' dir='ltr'><strong>quam</strong></span> <span class='ocrx_word' id='word_1_192' title='bbox 1937 2408 2202 2474; x_wconf 85' lang='lat' dir='ltr'><strong>moleste</strong></span> <span class='ocrx_word' id='word_1_193' title='bbox 2223 2407 2411 2487; x_wconf 75' lang='lat' dir='ltr'><strong>foras,</strong></span> <span class='ocrx_word' id='word_1_194' title='bbox 2444 2406 2588 2472; x_wconf 86' lang='lat' dir='ltr'><strong>aliis</strong></span> <span class='ocrx_word' id='word_1_195' title='bbox 2614 2411 2681 2472; x_wconf 91' lang='lat' dir='ltr'><strong>te</strong></span> 
     </span>
     <span class='ocr_line' id='line_1_20' title="bbox 288 2509 1496 2599; baseline 0 -22"><span class='ocrx_word' id='word_1_196' title='bbox 288 2509 479 2578; x_wconf 89' lang='lat' dir='ltr'><strong>rebus</strong></span> <span class='ocrx_word' id='word_1_197' title='bbox 506 2516 907 2579; x_wconf 75' lang='lat' dir='ltr'><strong>exsarturum</strong></span> <span class='ocrx_word' id='word_1_198' title='bbox 935 2534 1069 2579; x_wconf 90' lang='lat' dir='ltr'><strong>esse</strong></span> <span class='ocrx_word' id='word_1_199' title='bbox 1097 2511 1496 2599; x_wconf 76' lang='lat' dir='ltr'><strong>persuadeas.</strong></span> 
     </span>
    </p>
   </div>
   <div class='ocr_carea' id='block_1_3' title="bbox 420 2613 2682 2702">
    <p class='ocr_par' dir='ltr' id='par_1_3' title="bbox 420 2613 2682 2702">
     <span class='ocr_line' id='line_1_21' title="bbox 420 2613 2682 2702; baseline -0.001 -20"><span class='ocrx_word' id='word_1_200' title='bbox 420 2614 590 2683; x_wconf 89' lang='lat' dir='ltr'>XII.</span> <span class='ocrx_word' id='word_1_201' title='bbox 622 2618 727 2684; x_wconf 88' lang='grc'><strong>46.</strong></span> <span class='ocrx_word' id='word_1_202' title='bbox 758 2617 1008 2684; x_wconf 85' lang='lat' dir='ltr'><strong>Audivi</strong></span> <span class='ocrx_word' id='word_1_203' title='bbox 1035 2616 1156 2683; x_wconf 90' lang='lat' dir='ltr'><strong>hoo</strong></span> <span class='ocrx_word' id='word_1_204' title='bbox 1175 2616 1383 2683; x_wconf 88' lang='lat' dir='ltr'><strong>dioere</strong></span> <span class='ocrx_word' id='word_1_205' title='bbox 1413 2615 1756 2702; x_wconf 83' lang='lat' dir='ltr'><strong>quemdam</strong></span> <span class='ocrx_word' id='word_1_206' title='bbox 1785 2616 1866 2681; x_wconf 91' lang='lat' dir='ltr'><strong>de</strong></span> <span class='ocrx_word' id='word_1_207' title='bbox 1893 2613 2277 2702; x_wconf 87' lang='lat' dir='ltr'><strong>quibusdam</strong></span> <span class='ocrx_word' id='word_1_208' title='bbox 2306 2613 2682 2695; x_wconf 89' lang='lat' dir='ltr'><strong>oratoribus,</strong></span> 
     </span>
    </p>
   </div>
   <div class='ocr_carea' id='block_1_4' title="bbox 292 2718 2689 3429">
    <p class='ocr_par' dir='ltr' id='par_1_4' title="bbox 292 2718 2689 3429">
     <span class='ocr_line' id='line_1_22' title="bbox 292 2718 2684 2806; baseline 0 -22"><span class='ocrx_word' id='word_1_209' title='bbox 292 2719 379 2784; x_wconf 84' lang='lat' dir='ltr'><strong>ad</strong></span> <span class='ocrx_word' id='word_1_210' title='bbox 406 2740 564 2804; x_wconf 88' lang='lat' dir='ltr'><strong>quos</strong></span> <span class='ocrx_word' id='word_1_211' title='bbox 600 2742 854 2786; x_wconf 84' lang='lat' dir='ltr'><strong>oausam</strong></span> <span class='ocrx_word' id='word_1_212' title='bbox 887 2743 1071 2787; x_wconf 88' lang='lat' dir='ltr'><strong>suam</strong></span> <span class='ocrx_word' id='word_1_213' title='bbox 1106 2720 1341 2786; x_wconf 90' lang='lat' dir='ltr'><strong>detulis</strong></span> <span class='ocrx_word' id='word_1_214' title='bbox 1369 2726 1484 2800; x_wconf 89' lang='lat' dir='ltr'><strong>set,</strong></span> <span class='ocrx_word' id='word_1_215' title='bbox 1515 2725 1533 2756; x_wconf 80' lang='lat'><strong><em>⁴</em></strong></span> <span class='ocrx_word' id='word_1_216' title='bbox 1553 2718 1901 2806; x_wconf 81' lang='lat' dir='ltr'><strong>gratiorem</strong></span> <span class='ocrx_word' id='word_1_217' title='bbox 1934 2718 2058 2785; x_wconf 87' lang='lat' dir='ltr'><strong>sibi</strong></span> <span class='ocrx_word' id='word_1_218' title='bbox 2096 2718 2449 2785; x_wconf 88' lang='lat' dir='ltr'><strong>orationem</strong></span> <span class='ocrx_word' id='word_1_219' title='bbox 2487 2718 2684 2785; x_wconf 82' lang='lat' dir='ltr'><strong>fuisse</strong></span> 
     </span>
     <span class='ocr_line' id='line_1_23' title="bbox 293 2821 2686 2910; baseline -0 -22"><span class='ocrx_word' id='word_1_220' title='bbox 293 2821 450 2901; x_wconf 85' lang='lat' dir='ltr'><strong>eius,</strong></span> <span class='ocrx_word' id='word_1_221' title='bbox 472 2821 585 2908; x_wconf 90' lang='lat' dir='ltr'><strong>qui</strong></span> <span class='ocrx_word' id='word_1_222' title='bbox 602 2828 914 2908; x_wconf 84' lang='lat' dir='ltr'><strong>negasset,</strong></span> <span class='ocrx_word' id='word_1_223' title='bbox 938 2847 1131 2909; x_wconf 89' lang='lat' dir='ltr'><strong>quam</strong></span> <span class='ocrx_word' id='word_1_224' title='bbox 1153 2823 1349 2903; x_wconf 89' lang='lat' dir='ltr'><strong>illius,</strong></span> <span class='ocrx_word' id='word_1_225' title='bbox 1369 2823 1480 2909; x_wconf 91' lang='lat' dir='ltr'><strong>qui</strong></span> <span class='ocrx_word' id='word_1_226' title='bbox 1500 2821 1881 2910; x_wconf 64' lang='lat' dir='ltr'><strong>recepisset!</strong></span> <span class='ocrx_word' id='word_1_227' title='bbox 1948 2821 2054 2888; x_wconf 75' lang='lat' dir='ltr'><strong>Sic</strong></span> <span class='ocrx_word' id='word_1_228' title='bbox 2074 2821 2365 2888; x_wconf 89' lang='lat' dir='ltr'><strong>homines</strong></span> <span class='ocrx_word' id='word_1_229' title='bbox 2385 2821 2598 2888; x_wconf 79' lang='lat' dir='ltr'><strong>fronte</strong></span> <span class='ocrx_word' id='word_1_230' title='bbox 2619 2827 2686 2887; x_wconf 91' lang='lat' dir='ltr'><strong>et</strong></span> 
     </span>
     <span class='ocr_line' id='line_1_24' title="bbox 294 2923 2687 3013; baseline 0 -23"><span class='ocrx_word' id='word_1_231' title='bbox 294 2925 579 2991; x_wconf 87' lang='lat' dir='ltr'><strong>oratione</strong></span> <span class='ocrx_word' id='word_1_232' title='bbox 604 2927 815 3013; x_wconf 85' lang='lat' dir='ltr'><strong>magis</strong></span> <span class='ocrx_word' id='word_1_233' title='bbox 842 2949 1035 3012; x_wconf 89' lang='lat' dir='ltr'><strong>quam</strong></span> <span class='ocrx_word' id='word_1_234' title='bbox 1064 2927 1203 3013; x_wconf 91' lang='lat' dir='ltr'><strong>ipso</strong></span> <span class='ocrx_word' id='word_1_235' title='bbox 1232 2926 1539 2993; x_wconf 87' lang='lat' dir='ltr'><strong>benefloio</strong></span> <span class='ocrx_word' id='word_1_236' title='bbox 1572 2949 1768 3013; x_wconf 88' lang='lat' dir='ltr'><strong>reque</strong></span> <span class='ocrx_word' id='word_1_237' title='bbox 1804 2926 2163 3013; x_wconf 77' lang='lat' dir='ltr'><strong>sapiuntur.</strong></span> <span class='ocrx_word' id='word_1_238' title='bbox 2258 2923 2537 3013; x_wconf 89' lang='lat' dir='ltr'><strong>[Verum</strong></span> <span class='ocrx_word' id='word_1_239' title='bbox 2565 2924 2687 2991; x_wconf 89' lang='lat' dir='ltr'><strong>hoo</strong></span> 
     </span>
     <span class='ocr_line' id='line_1_25' title="bbox 292 3027 2685 3115; baseline 0 -20"><span class='ocrx_word' id='word_1_240' title='bbox 292 3027 619 3115; x_wconf 83' lang='lat' dir='ltr'><strong>probabile</strong></span> <span class='ocrx_word' id='word_1_241' title='bbox 641 3037 756 3110; x_wconf 89' lang='lat' dir='ltr'><strong>est,</strong></span> <span class='ocrx_word' id='word_1_242' title='bbox 779 3031 945 3096; x_wconf 90' lang='lat' dir='ltr'><strong>illud</strong></span> <span class='ocrx_word' id='word_1_243' title='bbox 966 3031 1242 3097; x_wconf 90' lang='lat' dir='ltr'><strong>alterum</strong></span> <span class='ocrx_word' id='word_1_244' title='bbox 1264 3030 1621 3097; x_wconf 87' lang='lat' dir='ltr'><strong>subdurum</strong></span> <span class='ocrx_word' id='word_1_245' title='bbox 1642 3030 1764 3097; x_wconf 90' lang='lat' dir='ltr'><strong>tibi</strong></span> <span class='ocrx_word' id='word_1_246' title='bbox 1780 3030 2028 3097; x_wconf 90' lang='lat' dir='ltr'><strong>homini</strong></span> <span class='ocrx_word' id='word_1_247' title='bbox 2044 3029 2377 3096; x_wconf 77' lang='lat' dir='ltr'><strong>Platonico</strong></span> <span class='ocrx_word' id='word_1_248' title='bbox 2399 3031 2685 3111; x_wconf 87' lang='lat' dir='ltr'><strong>suadere,</strong></span> 
     </span>
     <span class='ocr_line' id='line_1_26' title="bbox 294 3133 2689 3222; baseline 0.002 -25"><span class='ocrx_word' id='word_1_249' title='bbox 294 3133 408 3197; x_wconf 88' lang='lat' dir='ltr'><strong>sed</strong></span> <span class='ocrx_word' id='word_1_250' title='bbox 426 3135 643 3199; x_wconf 91' lang='lat' dir='ltr'><strong>tamen</strong></span> <span class='ocrx_word' id='word_1_251' title='bbox 664 3134 937 3220; x_wconf 89' lang='lat' dir='ltr'><strong>tempori</strong></span> <span class='ocrx_word' id='word_1_252' title='bbox 967 3138 1081 3201; x_wconf 92' lang='lat' dir='ltr'><strong>tuo</strong></span> <span class='ocrx_word' id='word_1_253' title='bbox 1111 3133 1497 3222; x_wconf 63' lang='lat' dir='ltr'><strong>consulam]</strong></span> <span class='ocrx_word' id='word_1_254' title='bbox 1576 3133 1829 3205; x_wconf 80' lang='lat' dir='ltr'><strong>Quibus</strong></span> <span class='ocrx_word' id='word_1_255' title='bbox 1850 3134 2026 3201; x_wconf 91' lang='lat' dir='ltr'><strong>enim</strong></span> <span class='ocrx_word' id='word_1_256' title='bbox 2052 3139 2119 3200; x_wconf 91' lang='lat' dir='ltr'><strong>te</strong></span> <span class='ocrx_word' id='word_1_257' title='bbox 2139 3137 2399 3221; x_wconf 90' lang='lat' dir='ltr'><strong>propter</strong></span> <span class='ocrx_word' id='word_1_258' title='bbox 2426 3134 2689 3221; x_wconf 88' lang='lat' dir='ltr'><strong>aliquod</strong></span> 
     </span>
     <span class='ocr_line' id='line_1_27' title="bbox 293 3236 2688 3324; baseline 0.002 -24"><span class='ocrx_word' id='word_1_259' title='bbox 293 3236 571 3301; x_wconf 80' lang='lat' dir='ltr'><strong>officium</strong></span> <span class='ocrx_word' id='word_1_260' title='bbox 598 3238 1082 3304; x_wconf 77' lang='lat' dir='ltr'><strong>necessitudinis</strong></span> <span class='ocrx_word' id='word_1_261' title='bbox 1116 3237 1496 3304; x_wconf 76' lang='lat' dir='ltr'><strong>adfuturum</strong></span> <span class='ocrx_word' id='word_1_262' title='bbox 1529 3237 1807 3324; x_wconf 85' lang='lat' dir='ltr'><strong>negaris,</strong></span> <span class='ocrx_word' id='word_1_263' title='bbox 1848 3242 2068 3304; x_wconf 86' lang='lat' dir='ltr'><strong>tamen</strong></span> <span class='ocrx_word' id='word_1_264' title='bbox 2095 3237 2146 3303; x_wconf 90' lang='lat' dir='ltr'><strong>ii</strong></span> <span class='ocrx_word' id='word_1_265' title='bbox 2173 3241 2440 3324; x_wconf 89' lang='lat' dir='ltr'><strong>possunt</strong></span> <span class='ocrx_word' id='word_1_266' title='bbox 2474 3237 2588 3305; x_wconf 89' lang='lat' dir='ltr'><strong>abs</strong></span> <span class='ocrx_word' id='word_1_267' title='bbox 2621 3244 2688 3305; x_wconf 90' lang='lat' dir='ltr'><strong>te</strong></span> 
     </span>
     <span class='ocr_line' id='line_1_28' title="bbox 294 3337 2687 3429; baseline 0.002 -26"><span class='ocrx_word' id='word_1_268' title='bbox 294 3337 529 3424; x_wconf 85' lang='lat' dir='ltr'><strong>plaeati</strong></span> <span class='ocrx_word' id='word_1_269' title='bbox 546 3340 856 3427; x_wconf 86' lang='lat' dir='ltr'><strong>aequique</strong></span> <span class='ocrx_word' id='word_1_270' title='bbox 873 3342 1191 3408; x_wconf 86' lang='lat' dir='ltr'><strong>diseedere</strong></span> <span class='ocrx_word' id='word_1_271' title='bbox 1210 3364 1225 3408; x_wconf 75' lang='grc' dir='ltr'><strong><em>ε</em></strong></span> <span class='ocrx_word' id='word_1_272' title='bbox 1257 3340 1490 3428; x_wconf 88' lang='lat' dir='ltr'><strong>quibus</strong></span> <span class='ocrx_word' id='word_1_273' title='bbox 1511 3347 1728 3408; x_wconf 86' lang='lat' dir='ltr'><strong>autem</strong></span> <span class='ocrx_word' id='word_1_274' title='bbox 1750 3342 1984 3408; x_wconf 83' lang='lat' dir='ltr'><strong>ideireo</strong></span> <span class='ocrx_word' id='word_1_275' title='bbox 2001 3342 2277 3429; x_wconf 83' lang='lat' dir='ltr'><strong>negaris,</strong></span> <span class='ocrx_word' id='word_1_276' title='bbox 2297 3341 2467 3427; x_wconf 90' lang='lat' dir='ltr'><strong>quod</strong></span> <span class='ocrx_word' id='word_1_277' title='bbox 2482 3345 2550 3408; x_wconf 85' lang='lat' dir='ltr'><strong>te</strong></span> <span class='ocrx_word' id='word_1_278' title='bbox 2566 3342 2687 3408; x_wconf 90' lang='lat' dir='ltr'><strong>im-</strong></span> 
     </span>
    </p>
   </div>
   <div class='ocr_carea' id='block_1_5' title="bbox 297 3577 2694 4618">
    <p class='ocr_par' dir='ltr' id='par_1_5' title="bbox 362 3577 2371 3645">
     <span class='ocr_line' id='line_1_29' title="bbox 362 3577 2371 3645; baseline 0 -18"><span class='ocrx_word' id='word_1_279' title='bbox 362 3582 441 3627; x_wconf 74' lang='grc'><strong>44.</strong></span> <span class='ocrx_word' id='word_1_280' title='bbox 488 3593 632 3640; x_wconf 76' lang='lat' dir='ltr'><strong>neque</strong></span> <span class='ocrx_word' id='word_1_281' title='bbox 674 3577 845 3642; x_wconf 69' lang='lat' dir='ltr'><strong>eoum]</strong></span> <span class='ocrx_word' id='word_1_282' title='bbox 935 3578 1033 3629; x_wconf 86' lang='lat' dir='ltr'><strong>‘let</strong></span> <span class='ocrx_word' id='word_1_283' title='bbox 1064 3584 1152 3629; x_wconf 88' lang='lat' dir='ltr'><strong>not</strong></span> <span class='ocrx_word' id='word_1_284' title='bbox 1198 3578 1319 3644; x_wconf 82' lang='lat' dir='ltr'><strong>only</strong></span> <span class='ocrx_word' id='word_1_285' title='bbox 1355 3579 1442 3629; x_wconf 89' lang='lat' dir='ltr'><strong>the</strong></span> <span class='ocrx_word' id='word_1_286' title='bbox 1607 3584 1664 3627; x_wconf 77' lang='lat' dir='ltr'><strong>ut</strong></span> <span class='ocrx_word' id='word_1_287' title='bbox 1685 3583 1899 3630; x_wconf 66' lang='lat' dir='ltr'><strong>ostendas</strong></span> <span class='ocrx_word' id='word_1_288' title='bbox 1990 3585 2004 3610; x_wconf 89' lang='lat'>‘</span> <span class='ocrx_word' id='word_1_289' title='bbox 2022 3580 2092 3645; x_wconf 84' lang='lat' dir='ltr'><strong>by</strong></span> <span class='ocrx_word' id='word_1_290' title='bbox 2113 3578 2371 3644; x_wconf 60' lang='lat' dir='ltr'><strong>showing!</strong></span> 
     </span>
    </p>

    <p class='ocr_par' dir='ltr' id='par_1_6' title="bbox 297 3642 2691 3967">
     <span class='ocr_line' id='line_1_30' title="bbox 297 3642 2689 3757; baseline 0.001 -64"><span class='ocrx_word' id='word_1_291' title='bbox 297 3645 439 3694; x_wconf 80' lang='lat' dir='ltr'><strong>deors</strong></span> <span class='ocrx_word' id='word_1_292' title='bbox 459 3643 515 3692; x_wconf 78' lang='lat' dir='ltr'><strong>of</strong></span> <span class='ocrx_word' id='word_1_293' title='bbox 530 3658 655 3708; x_wconf 79' lang='lat' dir='ltr'><strong>your</strong></span> <span class='ocrx_word' id='word_1_294' title='bbox 669 3643 821 3694; x_wconf 81' lang='lat' dir='ltr'><strong>house</strong></span> <span class='ocrx_word' id='word_1_295' title='bbox 843 3643 903 3693; x_wconf 89' lang='lat' dir='ltr'><strong>be</strong></span> <span class='ocrx_word' id='word_1_296' title='bbox 919 3659 1063 3757; x_wconf 48' lang='lat'><strong>93:³11,</strong></span> <span class='ocrx_word' id='word_1_297' title='bbox 1085 3645 1177 3694; x_wconf 89' lang='lat' dir='ltr'><strong>but</strong></span> <span class='ocrx_word' id='word_1_298' title='bbox 1191 3660 1318 3708; x_wconf 83' lang='lat' dir='ltr'><strong>your</strong></span> <span class='ocrx_word' id='word_1_299' title='bbox 1331 3643 1441 3694; x_wconf 81' lang='lat' dir='ltr'><strong>face</strong></span> <span class='ocrx_word' id='word_1_300' title='bbox 1606 3651 1908 3702; x_wconf 61' lang='lat' dir='ltr'><strong>marturum</strong></span> <span class='ocrx_word' id='word_1_301' title='bbox 1973 3655 1986 3677; x_wconf 78' lang='lat'><strong><em>⁶</em></strong></span> <span class='ocrx_word' id='word_1_302' title='bbox 2000 3644 2143 3696; x_wconf 84' lang='lat' dir='ltr'><strong>make</strong></span> <span class='ocrx_word' id='word_1_303' title='bbox 2165 3661 2238 3721; x_wconf 73' lang='lat' dir='ltr'><strong>up</strong></span> <span class='ocrx_word' id='word_1_304' title='bbox 2254 3644 2355 3696; x_wconf 81' lang='lat' dir='ltr'><strong>for’</strong></span> <span class='ocrx_word' id='word_1_305' title='bbox 2380 3642 2689 3721; x_wconf 38' lang='lat' dir='ltr'><strong>this-refusal</strong></span> 
     </span>
     <span class='ocr_line' id='line_1_31' title="bbox 297 3707 2687 3822; baseline 0 -63"><span class='ocrx_word' id='word_1_306' title='bbox 297 3709 398 3759; x_wconf 76' lang='lat' dir='ltr'><strong>and</strong></span> <span class='ocrx_word' id='word_1_307' title='bbox 439 3715 786 3784; x_wconf 69' lang='lat' dir='ltr'><strong>qountenanee,</strong></span> <span class='ocrx_word' id='word_1_308' title='bbox 836 3707 966 3758; x_wconf 74' lang='lat' dir='ltr'><strong>whic</strong></span> <span class='ocrx_word' id='word_1_309' title='bbox 1035 3723 1078 3784; x_wconf 66' lang='grc'><strong>10</strong></span> <span class='ocrx_word' id='word_1_310' title='bbox 1122 3708 1207 3758; x_wconf 84' lang='lat' dir='ltr'><strong>the</strong></span> <span class='ocrx_word' id='word_1_311' title='bbox 1239 3710 1358 3758; x_wconf 88' lang='lat' dir='ltr'><strong>door</strong></span> <span class='ocrx_word' id='word_1_312' title='bbox 1388 3708 1445 3759; x_wconf 84' lang='lat' dir='ltr'><strong>of</strong></span> <span class='ocrx_word' id='word_1_313' title='bbox 1540 3707 1614 3822; x_wconf 47' lang='lat' dir='ltr'><strong>lli?</strong></span> <span class='ocrx_word' id='word_1_314' title='bbox 1648 3724 1780 3787; x_wconf 78' lang='grc'>001110</span> <span class='ocrx_word' id='word_1_315' title='bbox 1813 3711 1986 3762; x_wconf 79' lang='lat' dir='ltr'><strong>future</strong></span> <span class='ocrx_word' id='word_1_316' title='bbox 2029 3725 2338 3789; x_wconf 77' lang='lat' dir='ltr'><strong>eonoesmon;</strong></span> <span class='ocrx_word' id='word_1_317' title='bbox 2389 3725 2443 3760; x_wconf 91' lang='lat' dir='ltr'><strong>so</strong></span> <span class='ocrx_word' id='word_1_318' title='bbox 2484 3726 2539 3759; x_wconf 88' lang='grc'><strong>111</strong></span> <span class='ocrx_word' id='word_1_319' title='bbox 2574 3708 2687 3788; x_wconf 52' lang='lat' dir='ltr'><strong>sl&#39;er.</strong></span> 
     </span>
     <span class='ocr_line' id='line_1_32' title="bbox 297 3771 2691 3839; baseline 0 -16"><span class='ocrx_word' id='word_1_320' title='bbox 297 3773 384 3823; x_wconf 81' lang='lat' dir='ltr'><strong>the</strong></span> <span class='ocrx_word' id='word_1_321' title='bbox 406 3774 555 3822; x_wconf 77' lang='lat' dir='ltr'><strong>mind.</strong></span> <span class='ocrx_word' id='word_1_322' title='bbox 623 3771 678 3821; x_wconf 80' lang='lat' dir='ltr'><strong>If</strong></span> <span class='ocrx_word' id='word_1_323' title='bbox 699 3789 826 3838; x_wconf 84' lang='lat' dir='ltr'><strong>your</strong></span> <span class='ocrx_word' id='word_1_324' title='bbox 845 3788 1127 3836; x_wconf 73' lang='lat' dir='ltr'><strong>expression</strong></span> <span class='ocrx_word' id='word_1_325' title='bbox 1149 3774 1311 3823; x_wconf 76' lang='lat' dir='ltr'><strong>shows</strong></span> <span class='ocrx_word' id='word_1_326' title='bbox 1333 3772 1444 3823; x_wconf 84' lang='lat' dir='ltr'><strong>that</strong></span> <span class='ocrx_word' id='word_1_327' title='bbox 1598 3780 1730 3823; x_wconf 82' lang='lat' dir='ltr'><strong>eaut.</strong></span> <span class='ocrx_word' id='word_1_328' title='bbox 1752 3791 1789 3826; x_wconf 87' lang='lat'><strong>1.</strong></span> <span class='ocrx_word' id='word_1_329' title='bbox 1811 3780 1854 3839; x_wconf 90' lang='lat'><strong>1,</strong></span> <span class='ocrx_word' id='word_1_330' title='bbox 1874 3781 1953 3838; x_wconf 86' lang='lat'><strong>91,</strong></span> <span class='ocrx_word' id='word_1_331' title='bbox 2004 3778 2123 3825; x_wconf 63' lang='lat' dir='ltr'><strong>acuto</strong></span> <span class='ocrx_word' id='word_1_332' title='bbox 2142 3782 2381 3837; x_wconf 69' lang='lat' dir='ltr'><strong>emptum</strong></span> <span class='ocrx_word' id='word_1_333' title='bbox 2403 3780 2691 3825; x_wconf 60' lang='lat' dir='ltr'><strong>maroam&amp;</strong></span> 
     </span>
     <span class='ocr_line' id='line_1_33' title="bbox 298 3837 2691 3967; baseline 0.001 -15"><span class='ocrx_word' id='word_1_334' title='bbox 298 3837 669 3958; x_wconf 56' lang='lat' dir='ltr'><strong>{30³1}‚¹¹‘{⁸i23r0³⁸</strong></span> <span class='ocrx_word' id='word_1_335' title='bbox 682 3837 1445 3967; x_wconf 51' lang='grc' dir='ltr'><strong>ἑᾜῖιῖΐᾞῗέξὶἶῗᾚὲἓξ</strong></span> <span class='ocrx_word' id='word_1_336' title='bbox 1542 3839 1990 3965; x_wconf 50' lang='grc' dir='ltr'><strong>ἰμ”ωὲῧέῗνῖἶω</strong></span> <span class='ocrx_word' id='word_1_337' title='bbox 2010 3840 2691 3967; x_wconf 47' lang='grc' dir='ltr'>’111ζῖζὲοοῖῗὲῙὲᾎῖ</span> 
     </span>
    </p>

    <p class='ocr_par' dir='ltr' id='par_1_7' title="bbox 365 3966 629 3991">
     <span class='ocr_line' id='line_1_34' title="bbox 365 3966 629 3991; baseline 0 0"><span class='ocrx_word' id='word_1_338' title='bbox 365 3966 375 3978; x_wconf 81' lang='grc'><strong>”</strong></span> <span class='ocrx_word' id='word_1_339' title='bbox 615 3967 629 3991; x_wconf 70' lang='grc'><strong>9</strong></span> 
     </span>
    </p>

    <p class='ocr_par' dir='ltr' id='par_1_8' title="bbox 297 3967 2694 4618">
     <span class='ocr_line' id='line_1_35' title="bbox 297 3967 2693 4099; baseline 0 -19"><span class='ocrx_word' id='word_1_340' title='bbox 297 3967 448 4080; x_wconf 33' lang='lat' dir='ltr'><strong>hang.</strong></span> <span class='ocrx_word' id='word_1_341' title='bbox 467 3981 613 4080; x_wconf 48' lang='lat' dir='ltr'><strong>&lt;zoili</strong></span> <span class='ocrx_word' id='word_1_342' title='bbox 631 4038 715 4080; x_wconf 74' lang='lat' dir='ltr'><strong>aut</strong></span> <span class='ocrx_word' id='word_1_343' title='bbox 741 4067 754 4080; x_wconf 94' lang='lat'>.</span> <span class='ocrx_word' id='word_1_344' title='bbox 782 4068 796 4082; x_wconf 88' lang='lat'><strong>.</strong></span> <span class='ocrx_word' id='word_1_345' title='bbox 824 4068 837 4080; x_wconf 92' lang='lat'>.</span> <span class='ocrx_word' id='word_1_346' title='bbox 864 4033 1063 4081; x_wconf 75' lang='lat' dir='ltr'><strong>iucunde</strong></span> <span class='ocrx_word' id='word_1_347' title='bbox 1085 4031 1245 4098; x_wconf 68' lang='lat' dir='ltr'><strong>nequ]</strong></span> <span class='ocrx_word' id='word_1_348' title='bbox 1323 4032 1441 4082; x_wconf 89' lang='lat' dir='ltr'><strong>Pro·</strong></span> <span class='ocrx_word' id='word_1_349' title='bbox 1542 3975 1689 4082; x_wconf 49' lang='lat' dir='ltr'><strong>Poitd.</strong></span> <span class='ocrx_word' id='word_1_350' title='bbox 1735 4035 1907 4084; x_wconf 78' lang='lat' dir='ltr'><strong>Verum</strong></span> <span class='ocrx_word' id='word_1_351' title='bbox 1938 4032 2045 4099; x_wconf 78' lang='grc' dir='ltr'><strong><em>Ιιοο]</em></strong></span> <span class='ocrx_word' id='word_1_352' title='bbox 2118 4036 2132 4060; x_wconf 93' lang='lat'>‘</span> <span class='ocrx_word' id='word_1_353' title='bbox 2148 4033 2253 4083; x_wconf 87' lang='lat' dir='ltr'><strong>The</strong></span> <span class='ocrx_word' id='word_1_354' title='bbox 2287 4047 2379 4083; x_wconf 92' lang='lat' dir='ltr'><strong>one</strong></span> <span class='ocrx_word' id='word_1_355' title='bbox 2411 4047 2582 4083; x_wconf 85' lang='lat' dir='ltr'><strong>oourse</strong></span> <span class='ocrx_word' id='word_1_356' title='bbox 2618 4032 2693 4096; x_wconf 71' lang='lat' dir='ltr'><strong>(ut</strong></span> 
     </span>
     <span class='ocr_line' id='line_1_36' title="bbox 298 4095 2693 4164; baseline 0 -19"><span class='ocrx_word' id='word_1_357' title='bbox 298 4095 451 4161; x_wconf 81' lang='lat' dir='ltr'><strong>bably</strong></span> <span class='ocrx_word' id='word_1_358' title='bbox 472 4095 557 4145; x_wconf 83' lang='lat' dir='ltr'><strong>the</strong></span> <span class='ocrx_word' id='word_1_359' title='bbox 580 4096 737 4146; x_wconf 74' lang='lat' dir='ltr'><strong>words</strong></span> <span class='ocrx_word' id='word_1_360' title='bbox 771 4097 976 4147; x_wconf 81' lang='lat' dir='ltr'><strong>omitted</strong></span> <span class='ocrx_word' id='word_1_361' title='bbox 995 4113 1079 4147; x_wconf 86' lang='lat' dir='ltr'><strong>are</strong></span> <span class='ocrx_word' id='word_1_362' title='bbox 1111 4099 1308 4146; x_wconf 69' lang='lat' dir='ltr'><strong>iucundo</strong></span> <span class='ocrx_word' id='word_1_363' title='bbox 1325 4114 1442 4160; x_wconf 79' lang='lat' dir='ltr'><strong>pro·</strong></span> <span class='ocrx_word' id='word_1_364' title='bbox 1544 4097 1745 4148; x_wconf 74' lang='lat' dir='ltr'><strong>iucunde</strong></span> <span class='ocrx_word' id='word_1_365' title='bbox 1789 4101 1938 4164; x_wconf 64' lang='lat' dir='ltr'><strong>nequ)</strong></span> <span class='ocrx_word' id='word_1_366' title='bbox 1987 4099 2032 4149; x_wconf 78' lang='lat' dir='ltr'><strong>is</strong></span> <span class='ocrx_word' id='word_1_367' title='bbox 2084 4098 2242 4163; x_wconf 79' lang='lat' dir='ltr'><strong>easily</strong></span> <span class='ocrx_word' id='word_1_368' title='bbox 2284 4096 2597 4148; x_wconf 78' lang='lat' dir='ltr'><strong>commended</strong></span> <span class='ocrx_word' id='word_1_369' title='bbox 2638 4102 2693 4146; x_wconf 89' lang='lat' dir='ltr'><strong>to</strong></span> 
     </span>
     <span class='ocr_line' id='line_1_37' title="bbox 299 4160 2694 4236; baseline 0.001 -28"><span class='ocrx_word' id='word_1_370' title='bbox 299 4163 467 4209; x_wconf 69' lang='lat' dir='ltr'><strong>mittas</strong></span> <span class='ocrx_word' id='word_1_371' title='bbox 496 4167 616 4236; x_wconf 45' lang='grc' dir='ltr'><em>αυτ..</em></span> <span class='ocrx_word' id='word_1_372' title='bbox 685 4160 792 4210; x_wconf 86' lang='lat' dir='ltr'><strong>The</strong></span> <span class='ocrx_word' id='word_1_373' title='bbox 823 4161 1017 4225; x_wconf 83' lang='lat' dir='ltr'><strong>eopyist</strong></span> <span class='ocrx_word' id='word_1_374' title='bbox 1044 4162 1335 4213; x_wconf 82' lang='lat' dir='ltr'><strong>overlooked</strong></span> <span class='ocrx_word' id='word_1_375' title='bbox 1359 4163 1445 4213; x_wconf 84' lang='lat' dir='ltr'><strong>the</strong></span> <span class='ocrx_word' id='word_1_376' title='bbox 1543 4176 1673 4226; x_wconf 79' lang='lat' dir='ltr'><strong>your</strong></span> <span class='ocrx_word' id='word_1_377' title='bbox 1724 4164 1991 4230; x_wconf 81' lang='lat' dir='ltr'><strong>approval;</strong></span> <span class='ocrx_word' id='word_1_378' title='bbox 2047 4163 2135 4214; x_wconf 86' lang='lat' dir='ltr'><strong>the</strong></span> <span class='ocrx_word' id='word_1_379' title='bbox 2186 4162 2327 4212; x_wconf 87' lang='lat' dir='ltr'><strong>other</strong></span> <span class='ocrx_word' id='word_1_380' title='bbox 2371 4165 2442 4225; x_wconf 83' lang='lat' dir='ltr'><strong>(to</strong></span> <span class='ocrx_word' id='word_1_381' title='bbox 2482 4160 2694 4225; x_wconf 87' lang='lat' dir='ltr'><strong>promise</strong></span> 
     </span>
     <span class='ocr_line' id='line_1_38' title="bbox 298 4225 2693 4294; baseline 0 -20"><span class='ocrx_word' id='word_1_382' title='bbox 298 4227 460 4275; x_wconf 71' lang='lat' dir='ltr'><strong>words</strong></span> <span class='ocrx_word' id='word_1_383' title='bbox 494 4241 688 4289; x_wconf 76' lang='lat' dir='ltr'><strong>coming</strong></span> <span class='ocrx_word' id='word_1_384' title='bbox 721 4226 945 4277; x_wconf 80' lang='lat' dir='ltr'><strong>between</strong></span> <span class='ocrx_word' id='word_1_385' title='bbox 976 4226 1064 4278; x_wconf 85' lang='lat' dir='ltr'><strong>the</strong></span> <span class='ocrx_word' id='word_1_386' title='bbox 1097 4227 1206 4278; x_wconf 81' lang='lat' dir='ltr'><strong>first</strong></span> <span class='ocrx_word' id='word_1_387' title='bbox 1232 4234 1320 4277; x_wconf 73' lang='lat' dir='ltr'><strong>aut</strong></span> <span class='ocrx_word' id='word_1_388' title='bbox 1351 4227 1450 4278; x_wconf 81' lang='lat' dir='ltr'><strong>and</strong></span> <span class='ocrx_word' id='word_1_389' title='bbox 1547 4229 1760 4280; x_wconf 78' lang='lat' dir='ltr'><strong>without</strong></span> <span class='ocrx_word' id='word_1_390' title='bbox 1813 4228 2072 4294; x_wconf 79' lang='lat' dir='ltr'><strong>intending</strong></span> <span class='ocrx_word' id='word_1_391' title='bbox 2124 4228 2412 4291; x_wconf 81' lang='lat' dir='ltr'><strong>fulfllment)</strong></span> <span class='ocrx_word' id='word_1_392' title='bbox 2470 4226 2576 4276; x_wconf 75' lang='lat' dir='ltr'><strong>will</strong></span> <span class='ocrx_word' id='word_1_393' title='bbox 2629 4225 2693 4276; x_wconf 89' lang='lat' dir='ltr'><strong>be</strong></span> 
     </span>
     <span class='ocr_line' id='line_1_39' title="bbox 299 4290 2689 4345; baseline 0 -5"><span class='ocrx_word' id='word_1_394' title='bbox 299 4290 387 4340; x_wconf 84' lang='lat' dir='ltr'><strong>the</strong></span> <span class='ocrx_word' id='word_1_395' title='bbox 409 4291 583 4340; x_wconf 80' lang='lat' dir='ltr'><strong>second</strong></span> <span class='ocrx_word' id='word_1_396' title='bbox 605 4296 708 4341; x_wconf 73' lang='lat' dir='ltr'><strong>aut.</strong></span> <span class='ocrx_word' id='word_1_397' title='bbox 1547 4294 1713 4344; x_wconf 86' lang='lat' dir='ltr'><strong>rather</strong></span> <span class='ocrx_word' id='word_1_398' title='bbox 1744 4294 1954 4345; x_wconf 83' lang='lat' dir='ltr'><strong>difficult</strong></span> <span class='ocrx_word' id='word_1_399' title='bbox 1986 4300 2038 4344; x_wconf 88' lang='lat' dir='ltr'><strong>to</strong></span> <span class='ocrx_word' id='word_1_400' title='bbox 2075 4294 2330 4345; x_wconf 82' lang='lat' dir='ltr'><strong>commend</strong></span> <span class='ocrx_word' id='word_1_401' title='bbox 2360 4299 2415 4342; x_wconf 89' lang='lat' dir='ltr'><strong>to</strong></span> <span class='ocrx_word' id='word_1_402' title='bbox 2457 4307 2488 4340; x_wconf 87' lang='lat' dir='ltr'><strong>a</strong></span> <span class='ocrx_word' id='word_1_403' title='bbox 2520 4290 2689 4341; x_wconf 83' lang='lat' dir='ltr'><strong>Plato·</strong></span> 
     </span>
     <span class='ocr_line' id='line_1_40' title="bbox 332 4354 2694 4474; baseline 0.002 -70"><span class='ocrx_word' id='word_1_404' title='bbox 332 4371 457 4470; x_wconf 74' lang='lat' dir='ltr'><strong>¹quo</strong></span> <span class='ocrx_word' id='word_1_405' title='bbox 488 4355 642 4421; x_wconf 77' lang='lat' dir='ltr'><strong>modo]</strong></span> <span class='ocrx_word' id='word_1_406' title='bbox 713 4355 819 4406; x_wconf 77' lang='lat' dir='ltr'><strong>‘for</strong></span> <span class='ocrx_word' id='word_1_407' title='bbox 855 4354 1111 4421; x_wconf 82' lang='lat' dir='ltr'><strong>instance,’</strong></span> <span class='ocrx_word' id='word_1_408' title='bbox 1150 4356 1251 4408; x_wconf 83' lang='lat' dir='ltr'><strong>like</strong></span> <span class='ocrx_word' id='word_1_409' title='bbox 1288 4356 1449 4408; x_wconf 85' lang='lat' dir='ltr'><strong>Greek</strong></span> <span class='ocrx_word' id='word_1_410' title='bbox 1548 4360 1653 4410; x_wconf 85' lang='lat' dir='ltr'><strong>nist</strong></span> <span class='ocrx_word' id='word_1_411' title='bbox 1685 4359 1787 4436; x_wconf 72' lang='lat' dir='ltr'><strong>like</strong></span> <span class='ocrx_word' id='word_1_412' title='bbox 1818 4374 1955 4474; x_wconf 61' lang='grc' dir='ltr'><strong>ἕως</strong></span> <span class='ocrx_word' id='word_1_413' title='bbox 1989 4366 2083 4473; x_wconf 52' lang='lat' dir='ltr'><strong>get·</strong></span> <span class='ocrx_word' id='word_1_414' title='bbox 2109 4357 2136 4408; x_wconf 95' lang='lat' dir='ltr'>I</span> <span class='ocrx_word' id='word_1_415' title='bbox 2166 4356 2288 4471; x_wconf 42' lang='lat' dir='ltr'><strong>{liliis</strong></span> <span class='ocrx_word' id='word_1_416' title='bbox 2312 4356 2694 4472; x_wconf 41' lang='lat' dir='ltr'><strong>sgffiuzhliso&#39;sshg</strong></span> 
     </span>
     <span class='ocr_line' id='line_1_41' title="bbox 305 4439 2694 4553; baseline 0.001 -20"><span class='ocrx_word' id='word_1_417' title='bbox 305 4439 332 4470; x_wconf 60' lang='grc' dir='ltr'><strong><em>ο</em></strong></span> <span class='ocrx_word' id='word_1_418' title='bbox 355 4439 508 4550; x_wconf 41' lang='lat' dir='ltr'><strong>obem]</strong></span> <span class='ocrx_word' id='word_1_419' title='bbox 578 4487 592 4513; x_wconf 88' lang='lat'>‘</span> <span class='ocrx_word' id='word_1_420' title='bbox 610 4486 958 4553; x_wconf 75' lang='lat' dir='ltr'><strong>courteously‚’</strong></span> <span class='ocrx_word' id='word_1_421' title='bbox 1011 4490 1024 4514; x_wconf 80' lang='lat'>⁴</span> <span class='ocrx_word' id='word_1_422' title='bbox 1038 4487 1138 4538; x_wconf 77' lang='lat' dir='ltr'><strong>like</strong></span> <span class='ocrx_word' id='word_1_423' title='bbox 1190 4503 1221 4538; x_wconf 80' lang='lat' dir='ltr'><strong>a</strong></span> <span class='ocrx_word' id='word_1_424' title='bbox 1258 4488 1446 4553; x_wconf 77' lang='lat' dir='ltr'><strong>gentle·</strong></span> <span class='ocrx_word' id='word_1_425' title='bbox 1549 4439 1912 4540; x_wconf 47' lang='grc' dir='ltr'><strong>Ῠῖαῗῗοῖιῃηιῖαηι</strong></span> <span class='ocrx_word' id='word_1_426' title='bbox 1933 4440 2124 4550; x_wconf 51' lang='lat' dir='ltr'><strong>should,</strong></span> <span class='ocrx_word' id='word_1_427' title='bbox 2146 4486 2171 4537; x_wconf 94' lang='lat'>1</span> <span class='ocrx_word' id='word_1_428' title='bbox 2190 4487 2350 4552; x_wconf 81' lang='lat' dir='ltr'><strong>think,</strong></span> <span class='ocrx_word' id='word_1_429' title='bbox 2376 4488 2517 4538; x_wconf 79' lang='lat' dir='ltr'><strong>stand</strong></span> <span class='ocrx_word' id='word_1_430' title='bbox 2538 4503 2592 4538; x_wconf 86' lang='lat' dir='ltr'><strong>as</strong></span> <span class='ocrx_word' id='word_1_431' title='bbox 2609 4487 2694 4537; x_wconf 87' lang='lat' dir='ltr'><strong>the</strong></span> 
     </span>
     <span class='ocr_line' id='line_1_42' title="bbox 307 4548 2058 4618; baseline -0.002 -13"><span class='ocrx_word' id='word_1_432' title='bbox 307 4548 462 4600; x_wconf 63' lang='lat' dir='ltr'><strong>man!</strong></span> <span class='ocrx_word' id='word_1_433' title='bbox 1549 4555 1647 4606; x_wconf 77' lang='lat' dir='ltr'><strong>lut</strong></span> <span class='ocrx_word' id='word_1_434' title='bbox 1668 4554 1833 4607; x_wconf 76' lang='grc'>01111100</span> <span class='ocrx_word' id='word_1_435' title='bbox 1855 4554 1906 4605; x_wconf 84' lang='lat' dir='ltr'><strong>in</strong></span> <span class='ocrx_word' id='word_1_436' title='bbox 1931 4552 1954 4618; x_wconf 58' lang='grc' dir='ltr'><strong>ξ</strong></span> <span class='ocrx_word' id='word_1_437' title='bbox 1978 4557 2058 4603; x_wconf 76' lang='lat'><strong>46.</strong></span> 
     </span>
    </p>
   </div>
  </div>
 </body>
</html>
