3229 5145
522 471 647 535 154
1170 471 1318 536 ΕΡ.
1358 470 1528 535 XII.
1581 470 1736 553 (DE
1776 469 1981 534 PET.
2036 468 2316 553 ooNS.)

596 851 770 918 XII.
860 851 1126 919 FROM
1171 852 1599 925 QUINTUS
1648 852 1985 920 CICERO
2030 851 2147 918 ΤΟ
2193 850 2358 917 HIS
2403 848 2860 916 BROTHER

1327 956 1734 1037 MARCUS,
1780 978 1867 1022 AT
1911 956 2138 1022 Roun.

943 1182 1007 1225 A.
1041 1182 1107 1226 U.
1142 1182 1194 1227 O.
1230 1181 1367 1240 6903
1416 1183 1475 1226 Β.
1510 1182 1565 1225 C·
1598 1181 1660 1228 64
1688 1184 1703 1226 :
1751 1182 1901 1225 AET.
1935 1182 2007 1225 M.
2040 1180 2402 1238 CICERONIS,
2434 1179 2516 1225 42.

626 1363 751 1414 Cum
781 1368 977 1428 tempus
1010 1363 1235 1426 instaret,
1268 1378 1366 1427 quo
1401 1369 1619 1427 tempore
1647 1362 1722 1413 M.
1753 1362 1948 1412 Tullius
1982 1361 2155 1413 Cicero
2183 1360 2493 1413 consulatum
2521 1376 2583 1411 ex
2612 1360 2723 1424 lege
2760 1359 2930 1409 annali

536 1450 701 1510 petere
723 1451 900 1509 posset,
926 1445 1123 1508 scripsit
1143 1446 1206 1494 ad
1230 1461 1344 1494 eum
1368 1443 1428 1501 Q.
1455 1445 1611 1495 frater
1632 1444 1767 1495 hunc
1789 1443 2029 1505 libellum,
2054 1460 2153 1508 quo
2168 1445 2341 1493 docere
2361 1442 2566 1492 fratrem
2595 1440 2811 1505 suscepit
2829 1457 2930 1505 quo

532 1529 677 1578 modo
696 1533 748 1578 et
769 1527 950 1593 quibus
977 1527 1169 1578 artibus
1194 1526 1521 1588 consulatum,
1560 1526 1704 1576 cuius
1729 1525 2021 1589 petitionem
2042 1526 2265 1589 proxime
2292 1534 2608 1589 suscepturus
2630 1529 2737 1574 erat
2757 1539 2928 1574 conse-

528 1608 617 1674 qui
637 1613 772 1659 certo
792 1613 969 1673 posset.

1386 1789 1452 1849 Q·
1494 1788 1569 1842 M.
1603 1787 1881 1843 FRATRI
1925 1788 1978 1842 S.
2016 1786 2085 1841 D.

659 1944 720 2011 I.
771 1946 832 2010 1.
877 1945 1027 2011 Etsi
1052 1944 1173 2012 tibi
1202 1945 1420 2011 omnia
1446 1947 1819 2030 suppetunt,
1850 1966 2016 2030 quae
2043 1942 2344 2028 consequi
2372 1941 2638 2029 ingenio
2668 1946 2781 2008 aut
2810 1964 2934 2007 usu

532 2047 824 2116 homines
867 2052 980 2114 aut
1025 2048 1460 2135 intelligentia
1497 2052 1786 2135 possunt,
1830 2052 2050 2112 tamen
2091 2069 2306 2112 amore
2348 2050 2566 2112 nostro
2612 2068 2744 2111 non
2785 2068 2931 2111 sum

536 2152 823 2217 alienum
867 2151 1217 2218 arbitratus
1258 2153 1343 2217 ad
1378 2155 1445 2217 te
1493 2150 1878 2237 perscribere
1923 2173 2019 2231 ea,
2064 2172 2229 2236 quae
2270 2149 2434 2214 mihi
2474 2147 2820 2215 veniebant
2860 2150 2932 2214 in

532 2258 816 2320 mentem
845 2255 983 2321 dies
1010 2277 1084 2321 ac
1111 2259 1329 2321 noctes
1357 2256 1438 2322 de
1465 2255 1775 2342 petitione
1805 2259 1922 2321 tua
1949 2253 2283 2340 cogitanti,
2313 2275 2446 2317 non
2474 2258 2551 2318 ut
2579 2252 2823 2339 aliquid
2850 2275 2935 2317 ex

532 2358 614 2424 iis
641 2359 796 2424 novi
825 2359 1196 2439 addisceres,
1241 2360 1354 2425 sed
1382 2364 1457 2424 ut
1485 2381 1580 2438 ea,
1627 2381 1790 2443 quae
1817 2358 1889 2423 in
1917 2380 1987 2423 re
2017 2357 2300 2443 dispersa
2329 2360 2522 2442 atque
2550 2356 2808 2421 infinita
2840 2355 2933 2420 vi·

536 2464 842 2528 derentur
870 2485 1022 2543 esse,
1066 2462 1315 2528 ratione
1344 2466 1410 2528 et
1440 2461 1890 2527 distributione
1920 2461 2040 2527 sub
2069 2484 2201 2527 uno
2232 2464 2492 2546 aspectu
2520 2463 2931 2545 ponerentur.

539 2564 987 2653 [Quamquam
1021 2565 1374 2653 plurimum
1422 2570 1658 2632 natura
1691 2565 1883 2646 valet,
1920 2567 2141 2631 tamen
2176 2563 2435 2630 videtur
2471 2563 2542 2629 in
2588 2584 2935 2649 paucorum

533 2668 854 2736 mensium
894 2670 1155 2757 negotio
1205 2691 1385 2755 posse
1431 2669 1756 2735 simulatio
1808 2673 2110 2735 naturam
2162 2664 2473 2754 vincera]
2583 2668 2644 2731 2.
2693 2664 2937 2731 Civitas

535 2795 701 2858 quae
751 2773 836 2839 sit
886 2774 1117 2860 cogita,
1162 2774 1322 2860 quid
1364 2777 1566 2859 petas,
1616 2772 1729 2859 qui
1779 2772 1885 2837 sis.
1974 2771 2187 2858 Prope
2237 2770 2469 2836 cotidie
2515 2769 2638 2835 tibi
2679 2767 2799 2834 hoc
2851 2769 2937 2833 ad

534 2875 750 2941 forum
790 2876 1197 2942 descendenti
1235 2876 1682 2942 meditandum
1713 2880 1849 2941 est:
1893 2880 1911 2911 ‘
1930 2876 2144 2941 Novus
2184 2897 2335 2953 sum,
2378 2876 2751 2938 consulatum
2768 2878 2934 2953 pete,

533 2980 735 3044 Roma
775 2977 906 3043 est!
980 2978 1284 3044 Nominis
1312 2979 1666 3045 novitatem
1695 2979 1953 3044 dicendi
1982 2977 2190 3062 gloria
2227 2976 2507 3042 maxime
2551 2973 2931 3041 sublevabis.

536 3079 803 3166 Semper
831 3104 908 3147 ea
943 3103 1045 3146 res
1076 3082 1430 3167 plurimum
1460 3082 1802 3168 dignitatis
1832 3080 2081 3147 habuit.
2170 3079 2328 3145 Non
2356 3083 2587 3165 potest,
2634 3079 2746 3166 qui
2790 3078 2934 3163 dig·

534 3206 657 3249 nus
717 3182 990 3249 habetur
1045 3189 1353 3270 patronus
1419 3185 1873 3265 consularium,
1930 3184 2244 3270 indignus
2304 3182 2641 3248 consulatu
2697 3181 2931 3267 putari.

542 3286 758 3358 Quam
787 3286 870 3353 ob
896 3309 1033 3352 rem
1061 3287 1368 3373 quoniam
1398 3287 1479 3353 ab
1509 3288 1631 3354 hac
1659 3289 1851 3354 laude
1890 3286 2319 3374 proficisceris,
2365 3285 2683 3372 quidquid
2722 3307 2809 3364 es,
2855 3307 2935 3349 ex

532 3389 654 3456 hoo
684 3412 770 3470 es,
814 3391 910 3455 ita
937 3395 1202 3476 paratus
1231 3391 1316 3457 ad
1345 3391 1690 3457 dicendum
1721 3391 1958 3471 venit0,
1990 3390 2172 3477 quasi
2201 3391 2272 3455 in
2301 3390 2576 3476 singulis
2604 3388 2807 3455 causis
2834 3388 2934 3453 iu-

533 3492 779 3559 dicium
807 3494 889 3558 de
918 3494 1095 3559 omni
1122 3493 1387 3581 ingenio
1415 3501 1530 3561 tuo
1559 3495 1852 3561 futurum
1881 3495 1985 3560 sit.
2075 3496 2138 3557 3.
2190 3492 2354 3559 Eius
2382 3493 2712 3558 facultatis
2750 3492 2930 3556 adiu-

533 3599 774 3676 menta,
804 3619 968 3683 quae
996 3596 1118 3663 tibi
1147 3598 1275 3663 scio
1304 3621 1437 3664 esse
1466 3599 1761 3685 seposita,
1807 3602 1882 3664 ut
1910 3602 2139 3684 parata
2167 3619 2241 3661 ac
2269 3601 2572 3683 prompta
2599 3596 2730 3660 sint
2762 3617 2933 3675 cura,

533 3703 601 3765 et
628 3722 835 3786 saepe,
876 3723 1040 3787 quae
1068 3702 1148 3766 de
1176 3700 1634 3767 Demosthenis
1673 3702 1887 3767 studio
1928 3706 1993 3767 et
2032 3700 2485 3767 exercitatione
2524 3696 2775 3785 scripsit
2803 3697 2935 3763 De-

603 3908 649 3954 1.
683 3908 900 3967 consequi
933 3942 947 3955 .
1041 3905 1311 3972 ,possunCJ
1400 3905 1507 3956 The
1541 3905 1689 3956 letter
1777 3906 1945 3970 faeere
1967 3907 2173 3955 videare.

533 3967 710 4032 begins
751 3970 876 4020 with
922 3986 953 4020 a
998 3971 1302 4033 hyperbaton,
1361 3971 1528 4021 which
1570 3970 1614 4020 is
1658 3988 1688 4021 a
1853 3974 1901 4020 2.
1937 3967 2221 4035 diynitatis]
2261 3967 2509 4033 ‘political
2538 3965 2931 4018 consideration)

535 4033 737 4085 marked
773 4033 966 4085 feature
999 4035 1055 4084 in
1082 4036 1149 4085 its
1187 4038 1317 4101 style
1348 4036 1682 4101 throughout.
1844 4034 2184 4121 proficisceris]
2273 4035 2431 4084 ‘have
2452 4033 2555 4084 this
2576 4031 2863 4096 reputation
2884 4038 2937 4081 to

536 4097 691 4163 aaut
721 4101 796 4160 12,
822 4103 901 4162 24,
930 4103 1009 4160 32,
1038 4103 1117 4150 33.
1787 4100 2095 4151 κωπίω)

589 4170 646 4212 ut
660 4180 716 4213 ea
730 4180 849 4225 quae
871 4167 923 4213 in
945 4164 1021 4229 re]
1084 4165 1320 4229 ‘tobi-ing
1335 4164 1563 4229 together
1577 4165 1687 4215 into
1851 4167 1992 4227 quasi
2032 4168 2084 4213 in
2128 4162 2360 4229 sinqulis]
2451 4170 2535 4212 ‘as
2589 4162 2633 4211 if
2681 4161 2734 4210 in
2783 4175 2934 4224 every

534 4242 628 4277 one
649 4227 794 4278 focus
820 4228 890 4305 by
912 4245 943 4279 a
964 4229 1143 4293 logical
1165 4236 1512 4293 arrangement
1545 4232 1683 4305 (hem
1785 4245 1896 4279 case
1924 4229 2056 4280 the
2040 4245 2171 4279 issue
2202 4237 2257 4279 to
2277 4229 2338 4278 be
2358 4227 2486 4278 tried
2510 4243 2628 4288 was,
2667 4241 2795 4292 your
2821 4241 2935 4276 own

535 4294 721 4357 diadys)
756 4293 919 4355 points
941 4293 1086 4344 that
1071 4311 1125 4343 ιιι
1146 4294 1440 4345 themselves
1474 4294 1524 4357 (i.
1546 4310 1591 4344 e.
1631 4293 1688 4343 in
1785 4294 2036 4344 character
2057 4310 2111 4344 as
2132 4311 2163 4343 a
2183 4311 2299 4343 man
2321 4293 2376 4343 of
2392 4292 2610 4357 ability.’

536 4372 675 4445 your
694 4358 825 4423 case)
861 4374 944 4408 are
974 4359 1180 4410 isolated
1212 4361 1310 4409 and
1331 4359 1543 4409 without
1576 4375 1684 4424 sys·
1852 4362 1899 4408 3.
1937 4359 2164 4425 seposita]
2237 4364 2250 4387 ‘
2303 4375 2393 4408 our
2414 4357 2667 4422 specinlg1
2653 4355 2771 4405 fts!

535 4420 675 4471 tem?
1850 4440 1968 4487 quae
1989 4427 2045 4473 de
2065 4426 2257 4473 Demost
2354 4426 2396 4471 is
2456 4423 2547 4472 See
2563 4423 2624 4471 de
2639 4421 2758 4470 Div.
2775 4419 2828 4468 ii.
2850 4422 2931 4481 96,

600 4485 875 4551 [Quamqua
953 4524 965 4537 .
1001 4525 1013 4537 .
1053 4488 1303 4553 ,νίφα-ενα]
1352 4488 1510 4539 These
1526 4489 1685 4540 words
1784 4488 1950 4538 where
1970 4488 2057 4538 the
2078 4489 2273 4539 remark
2294 4488 2349 4538 of
2421 4487 2654 4538 emetrius
2668 4485 2936 4535 Phalereus

532 4548 661 4601 have
683 4550 807 4601 been
829 4550 1017 4617 rightly
1029 4555 1317 4618 transposed
1330 4561 1382 4605 to
1407 4553 1430 4617 ὖ
1448 4558 1527 4618 42
1555 4554 1686 4607 after
1783 4554 1829 4607 is
1851 4554 2001 4620 given
2024 4562 2078 4604 ut
2093 4555 2448 4606 Demosthenem
2470 4554 2639 4603 scribit
2658 4552 2934 4611 Phalereus,
