3229 5145
998 464 1147 527 ΕΡ.
1194 463 1423 527 XXX.
1477 463 1584 547 (Q.
1619 464 1763 528 FB.
1795 463 1857 529 I.
1889 463 1982 549 1.)
2569 464 2697 529 255

283 636 653 702 necessariis
693 634 1200 723 apparitionibus
1230 639 1445 703 tecum
1473 658 1607 702 esse
1635 636 1918 717 voluisti,
1949 636 2064 722 qui
2101 637 2289 723 quasi
2327 660 2408 703 ex
2443 636 2700 703 cohorte

283 739 597 826 praetoris
636 739 947 826 appellari
984 739 1210 819 solent,
1242 738 1473 806 horum
1511 761 1647 805 non
1687 740 1880 806 modo
1920 739 2112 821 facta,
2145 742 2257 807 sed
2293 742 2490 807 etiam
2529 740 2703 808 dicta

285 844 504 909 omnia
546 843 931 929 praestanda
972 840 1158 908 nobis
1200 846 1374 908 sunt.
1465 841 1595 909 Sed
1634 842 1831 909 habes
1875 865 1981 910 eos
2022 847 2258 926 tecum,
2305 866 2463 930 quos
2500 844 2703 930 possis

284 950 455 1012 recte
485 945 792 1012 facientes
821 945 1010 1011 facile
1039 945 1329 1031 diligere,
1359 946 1576 1012 minus
1616 946 2018 1013 consulentes
2056 947 2516 1013 existimationi
2548 951 2702 1014 tuae

286 1048 591 1116 facillime
622 1057 942 1116 coarcere:
990 1073 1030 1115 a
1057 1048 1310 1135 quibus,
1347 1050 1528 1115 rudis
1567 1073 1713 1115 cum
1758 1073 1941 1129 esses,
1973 1049 2231 1116 videtur
2268 1052 2548 1136 potuisse
2586 1056 2703 1117 tua

285 1151 638 1220 liberalitas
667 1153 911 1239 decipi:
956 1175 1112 1219 nam
1154 1159 1230 1218 ut
1272 1153 1544 1239 quisque
1587 1157 1685 1218 est
1722 1154 1824 1219 vir
1866 1154 2167 1240 optimus,
2199 1155 2293 1220 ita
2327 1155 2702 1222 difficillime

258 1282 271 1291 ·
287 1278 422 1324 esse
450 1257 611 1323 alios
645 1255 969 1342 improbos
996 1255 1393 1342 suspicatur:
1440 1279 1616 1322 nunc
1644 1278 1794 1323 vero
1825 1258 2054 1323 tertius
2089 1256 2195 1323 hic
2230 1280 2438 1323 annus
2466 1257 2702 1325 habeat

284 1360 730 1447 integritatem
759 1360 1051 1425 eamdem
1081 1381 1275 1445 quam
1304 1359 1680 1445 superiores,
1713 1360 2060 1426 cautiorem
2091 1361 2287 1427 etiam
2320 1384 2393 1427 ac
2421 1361 2697 1447 diligen-

284 1464 537 1531 tiorem.
632 1465 733 1529 13.
780 1462 929 1529 Sint
966 1486 1151 1529 aures
1187 1468 1359 1544 tuae,
1396 1486 1561 1550 quae
1600 1465 1692 1544 id,
1723 1464 1896 1550 quod
1925 1464 2222 1547 audiunt,
2252 1465 2701 1532 existimentur

286 1568 529 1647 audire,
559 1589 693 1633 non
731 1566 801 1632 in
841 1589 1000 1652 quas
1038 1566 1189 1632 ficta
1217 1571 1283 1633 et
1312 1567 1616 1634 simulata
1650 1570 1952 1653 quaestus
1980 1590 2170 1634 causa
2196 1569 2696 1635 insusurrantur.

284 1670 387 1738 Sit
431 1671 666 1737 anulus
706 1673 858 1736 tuus
900 1692 1033 1735 non
1076 1675 1153 1735 ut
1194 1691 1308 1736 vas
1350 1670 1634 1757 aliquod,
1680 1670 1793 1736 sed
1834 1674 2168 1757 tamquam
2210 1672 2348 1757 ipse
2389 1675 2505 1737 tu:
2565 1694 2699 1739 non

283 1772 580 1840 minister
606 1773 854 1839 alienae
876 1773 1247 1854 voluntatis,
1272 1775 1385 1840 sed
1405 1775 1587 1840 testis
1607 1778 1780 1840 tuae.
1855 1773 2183 1841 Accensus
2203 1776 2288 1841 sit
2309 1797 2384 1841 eo
2407 1797 2697 1859 numero,

283 1899 415 1963 quo
457 1899 607 1943 eum
651 1877 924 1942 maiores
965 1876 1169 1943 nostri
1211 1899 1345 1943 esse
1384 1878 1748 1958 voluerunt,
1796 1878 1909 1963 qui
1952 1878 2072 1944 hoo
2114 1900 2247 1944 non
2289 1879 2361 1944 in
2405 1878 2699 1946 beneficii

281 1979 443 2060 1000,
475 1981 587 2046 sed
625 1980 696 2045 in
724 1978 961 2046 laboris
998 2003 1071 2046 ac
1108 1980 1395 2047 muneris
1431 2003 1566 2047 non
1594 1984 1832 2047 temere
1861 1980 1989 2046 nisi
2017 1980 2264 2048 libertis
2292 1981 2424 2048 suis
2453 1983 2696 2050 defera-

279 2082 486 2152 bant:
534 2082 767 2170 quibus
816 2085 917 2150 illi
967 2084 1228 2171 quidem
1271 2107 1405 2151 non
1443 2085 1653 2151 multo
1693 2107 1871 2150 secus
1913 2106 1988 2150 ac
2031 2085 2229 2151 servis
2270 2085 2695 2172 imperabant.

283 2186 389 2254 Sit
416 2187 602 2253 lictor
628 2209 761 2254 non
800 2210 972 2268 suae,
1017 2189 1130 2254 sed
1158 2193 1310 2255 tuae
1340 2189 1632 2255 lenitatis
1662 2188 2009 2274 apparitor,
2040 2189 2411 2274 maioraque
2447 2190 2696 2276 praefe-

279 2295 434 2358 rant
461 2290 663 2358 fasces
690 2292 791 2357 illi
818 2314 893 2358 ac
921 2314 1167 2358 secures
1195 2291 1538 2379 dignitatis
1564 2292 1853 2378 insignia
1882 2313 2079 2377 quam
2107 2292 2466 2377 potestatis.
2542 2291 2696 2360 Toti

283 2395 563 2480 denique
620 2395 704 2461 sit
761 2395 1125 2481 provinciae
1183 2395 1518 2483 cognitum
1570 2393 1694 2461 tibi
1753 2395 2065 2475 omnium,
2140 2394 2374 2480 quibus
2431 2396 2693 2482 praesis,

282 2498 579 2580 salutem,
619 2497 868 2580 liberos,
915 2498 1180 2580 famam,
1216 2498 1514 2566 fortunas
1553 2520 1689 2566 esse
1723 2497 2095 2564 carissimas.
2196 2497 2497 2586 Denique
2538 2499 2697 2567 haec

283 2603 504 2690 opinio
536 2603 620 2669 sit
648 2625 781 2669 non
809 2605 1002 2670 modo
1030 2603 1130 2684 iis,
1170 2605 1284 2690 qui
1333 2603 1583 2691 aliquid
1629 2603 2009 2690 acceperint,
2050 2604 2163 2669 sed
2202 2602 2282 2669 iis
2320 2604 2536 2686 etiam,
2582 2606 2697 2691 qui

282 2707 600 2787 dederint,
646 2710 714 2773 te
757 2707 1112 2784 inimicum,
1155 2708 1210 2774 si
1255 2707 1327 2774 id
1376 2707 1770 2795 cognoveris,
1824 2706 2141 2773 futurum.
2260 2704 2493 2792 Neque
2544 2729 2695 2775 vero

474 2925 485 2935 .
864 2925 880 2949 ⁸
1352 2923 1365 2935 .
1572 2922 1585 2935 .
1747 2922 1759 2933 .
1950 2921 1963 2933 .
2510 2925 2521 2936 .

282 2938 489 3047 0033?aess
508 2921 1135 3063 ἐἶῇἰέῗὲηέἐᾶήωῗξ
1154 2926 1436 3038 Ρηῗωῖῖῗ
1535 2922 1820 3052 ἓοῗῶὡ
1835 2921 2102 3038 ΜΩἭᾞ·
2137 2920 2328 3036 οεΤῗιῗε
2346 2937 2696 3052 mmm&

284 3055 443 3117 quasi,
468 3069 545 3115 cp.
568 3052 676 3101 Att.
701 3052 757 3101 1i.
789 3053 864 3111 17,
893 3055 921 3101 3
946 3052 1060 3116 (Ep.
1084 3052 1209 3102 xliv·
1239 3089 1251 3101 .
1537 3051 1704 3103 whom
1736 3059 1760 3102 t
1795 3067 1858 3117 ey
1887 3052 2135 3102 attendsd.

355 3119 431 3166 13.
467 3119 581 3166 Sint
610 3133 749 3165 arares
779 3117 909 3182 tuac]
999 3118 1098 3166 ‘let
1125 3116 1169 3167 it
1191 3117 1254 3167 be
1283 3132 1433 3182 gene-
1601 3133 1697 3166 non
1718 3133 1845 3178 suae,
1871 3115 1976 3182 sed]
2048 3116 2146 3166 ‘let
2177 3131 2306 3181 your
2336 3115 2482 3167 lictor
2512 3116 2574 3169 be
2604 3124 2695 3169 not

283 3180 417 3246 rally
450 3182 748 3231 understood
779 3181 890 3231 that
917 3197 1018 3246 you
1054 3181 1168 3246 give
1200 3197 1284 3232 car
1313 3182 1397 3232 onl
1537 3182 1624 3232 the
1656 3180 1908 3244 dispenset
1939 3182 1996 3231 of
2026 3181 2105 3230 his
2137 3197 2251 3231 own
2283 3181 2551 3246 clemency,
2600 3183 2695 3234 but

284 3252 340 3296 to
366 3246 503 3297 what
531 3261 632 3311 you
667 3248 730 3296 do
764 3246 896 3309 hear,
923 3248 1022 3295 and
1053 3246 1164 3296 that
1195 3262 1297 3311 you
1328 3198 1436 3296 wifl
1535 3247 1625 3297 the
1689 3253 1923 3296 executor
1984 3246 2322 3311 (instrument)
2395 3248 2453 3296 of
2497 3248 2688 3312 yours!

283 3317 375 3361 not
406 3311 549 3361 make
582 3326 709 3376 your
738 3326 846 3360 ears
876 3311 1170 3374 receptacles
1201 3311 1283 3361 for
1313 3311 1436 3361 false
1537 3311 1710 3362 Cicero
1752 3310 1907 3361 refers
1945 3317 2000 3360 to
2038 3311 2123 3360 the
2161 3311 2345 3361 lictors'
2387 3312 2601 3376 practice
2638 3311 2695 3363 of

282 3376 383 3425 and
404 3377 688 3426 slanderous
710 3375 947 3439 whispers
969 3377 1224 3439 prompted
1245 3376 1313 3441 by
1334 3376 1433 3441 pri·
1535 3376 1713 3439 taking
1745 3375 1911 3425 bribes
1938 3381 1990 3425 to
2022 3375 2248 3438 mitigate
2280 3376 2367 3427 the
2398 3377 2557 3428 severi
2637 3376 2694 3428 of

284 3447 401 3491 vate
422 3441 664 3491 interest)
733 3440 969 3503 Compare
997 3447 1043 3489 et
1073 3443 1215 3489 audio
1241 3448 1293 3490 ee
1319 3444 1436 3504 quia
1534 3441 1623 3491 the
1645 3439 1990 3504 punishments
2025 3440 2191 3490 which
2213 3439 2256 3490 it
2277 3457 2381 3492 was
2414 3441 2545 3493 their
2600 3449 2691 3509 uty

283 3509 475 3569 ooqnovi
516 3508 749 3566 existimo,
793 3505 816 3569 ᾗ
853 3510 943 3566 14;
996 3505 1094 3555 and
1139 3506 1247 3554 bene
1291 3512 1337 3555 te
1379 3512 1435 3556 ut
1533 3505 1787 3556 toinflict.
1831 3505 1924 3555 See
1940 3504 2153 3555 Verr.v.
2180 3508 2288 3564 118,
2315 3508 2482 3556 lictor
2498 3508 2693 3557 Sextius

283 3570 494 3619 homines
514 3587 644 3619 nosse
666 3572 921 3633 loquantur
949 3576 994 3619 et
1024 3572 1308 3633 existiment,
1335 3570 1430 3635 Ep.
1534 3573 1613 3621 cui
1670 3586 1728 3620 ex
1788 3573 2000 3619 onmium
2056 3573 2241 3633 qemitu
2274 3573 2521 3634 doloreque
2563 3579 2694 3622 certa

283 3634 375 3684 xii.
403 3636 481 3685 60.
1534 3651 1707 3684 meroes
1738 3636 2117 3696 comparabatur.
2196 3637 2323 3692 Quid
2343 3640 2368 3685 9
2399 3643 2454 3684 ut
2476 3652 2569 3686 uno
2592 3639 2693 3686 ictu

335 3703 463 3764 fieta
488 3736 501 3748 .
531 3737 543 3748 .
569 3736 584 3749 .
611 3698 993 3764 instaurantur]
1053 3698 1144 3749 See
1161 3698 1293 3750 Adn.
1312 3699 1436 3750 Crit.
1537 3702 1715 3749 securis
1737 3702 1934 3764 afferam
1957 3706 2151 3748 mortem
2160 3703 2274 3763 filio
2292 3707 2372 3749 tuo
2385 3704 2503 3763 quid
2515 3702 2649 3750 dabis
2666 3704 2694 3752 5

352 3766 431 3815 Sic
453 3764 649 3829 anulus]
717 3763 842 3813 ‘Let
864 3781 991 3830 your
1019 3764 1185 3828 signet
1211 3764 1326 3829 ring
1346 3770 1437 3816 not
1535 3781 1597 3813 ne
1629 3767 1716 3814 diu
1752 3768 1999 3826 crucietur,
2027 3781 2086 3813 ne
2116 3781 2252 3826 saepe
2275 3767 2518 3828 feriatur.
2589 3765 2693 3817 But

283 3828 347 3880 be
390 3845 423 3880 a
465 3844 598 3879 mere
650 3829 835 3878 utensi!
887 3828 1076 3892 (article
1124 3829 1180 3878 of
1218 3829 1437 3894 wearing
1537 3829 1625 3879 the
1646 3845 1856 3894 zeugma
1876 3829 1930 3878 in
1952 3833 2207 3891 apparitor
2222 3830 2266 3878 is
2282 3845 2404 3893 very
2421 3830 2684 3882 awkward.

283 3893 1282 4024 mammos-gom>
1303 3894 1438 4010 ιιι
1536 3894 1757 4008 ‚w
1778 3893 2284 4020 ...imfirma-r
2323 3910 2691 4010 Qum...

2277 3996 2291 4020 9

321 4039 413 4074 our
443 4039 567 4088 very
598 4023 733 4082 sslf:
780 4023 898 4073 thus
941 4024 1011 4074 let
1048 4023 1090 4073 it
1127 4024 1188 4074 be
1222 4029 1311 4075 not
1347 4024 1436 4075 the
1536 4023 1591 4073 in
1623 4023 1908 4087 repr-ievesss
1985 4022 2158 4073 Lucan
2189 4039 2302 4073 uses
2330 4029 2478 4072 sector
2505 4023 2560 4073 in
2585 4023 2689 4075 thia

282 4039 583 4139 {uu-ument
610 4088 665 4137 of
689 4088 776 4138 the
798 4088 906 4137 will
934 4088 989 4138 of
1017 4088 1197 4150 others,
1227 4089 1319 4140 but
1349 4089 1436 4139 the
1537 4104 1694 4150 sense,
1742 4096 1979 4151 sectorque
1999 4090 2196 4153 favoris
2229 4091 2330 4149 ipse
2356 4091 2434 4137 eui
2456 4092 2684 4153 populun,

284 4153 431 4217 proof
447 4153 553 4203 that
576 4152 663 4203 the
684 4161 766 4203 act
786 4152 829 4202 is
851 4153 1040 4218 yours.'
1536 4154 1573 4203 i.
1620 4156 1730 4206 178.
1799 4153 1923 4204 This
1964 4154 2164 4218 exactly
2197 4168 2449 4216 expresses
2491 4153 2578 4204 the
2608 4170 2688 4204 re-

347 4216 611 4283 Accensus]
678 4217 786 4267 The
815 4235 1029 4267 accensus
1062 4234 1161 4268 was
1194 4217 1437 4295 certainly
1536 4218 1710 4283 quired
1732 4234 1886 4279 sense,
1912 4219 2011 4268 and
2033 4225 2178 4267 sector
2199 4216 2361 4281 might
2381 4217 2510 4268 have
2531 4218 2689 4270 fallen

282 4298 315 4333 a
344 4282 547 4342 menial,
586 4284 684 4333 and
712 4281 815 4332 this
846 4283 1016 4333 advice
1049 4283 1106 4333 of
1141 4283 1358 4334 Cicero’s
1388 4299 1435 4335 is
1536 4289 1626 4334 out
1646 4299 1711 4334 on
1733 4289 1944 4333 account
1965 4283 2020 4333 of
2040 4283 2105 4333 its
2135 4281 2488 4346 'uxtaposition
2510 4283 2635 4334 with
2656 4300 2688 4336 a

282 4347 502 4398 directed
545 4347 741 4411 against
792 4348 880 4399 the
932 4351 1057 4398 valet
1109 4351 1165 4398 de
1218 4349 1436 4398 chambre
1535 4350 1673 4399 word
1695 4364 1750 4399 so
1770 4347 1955 4408 closely
1976 4363 2131 4397 recem
2164 4346 2335 4412 lingit
2355 4363 2410 4397 as
2434 4350 2586 4398 lictor.

282 4418 607 4477 government
639 4412 806 4463 which
839 4429 941 4464 was
972 4413 1230 4479 becoming
1266 4414 1431 4475 usual,
1599 4416 1686 4476 qui
1709 4415 1899 4476 aliquid
1918 4411 2205 4479 acceperint]
2258 4420 2271 4442 ⁴
2289 4412 2407 4463 took
2427 4429 2458 4462 a
2478 4413 2617 4464 bribe
2634 4429 2648 4475 ;
2667 4413 2684 4439 ’

282 4478 533 4540 examples
566 4475 623 4527 of
643 4477 808 4528 which
831 4494 960 4529 were
989 4478 1076 4529 the
1109 4479 1354 4531 influence
1378 4478 1434 4531 of
1534 4481 1713 4541 aceepit
1755 4478 1800 4528 is
1833 4478 1956 4528 used
2001 4478 2260 4541 absolutely
2292 4477 2349 4527 in
2381 4477 2483 4528 this
2526 4494 2685 4530 unse.

282 4541 608 4607 Theophanes
640 4543 765 4593 with
796 4542 1074 4607 Pompeius,
1108 4545 1208 4595 and
1236 4545 1293 4595 of
1319 4545 1431 4596 Sta·
1536 4543 1631 4594 See
1652 4559 1719 4594 on
1739 4543 1847 4594 Att.
1873 4542 1911 4593 i.
1947 4542 2022 4602 17,
2048 4544 2101 4596 8.
