3229 5145
950 424 1096 489 ΕΡ.
1144 424 1407 491 LXIV.
1461 425 1695 509 (ATT.
1729 425 1872 489 III.
1907 424 1997 509 8.)
2528 431 2655 495 355

257 619 508 663 maeror
551 597 908 664 cotidianus
950 597 1188 664 lacerat
1236 601 1302 663 et
1345 595 1617 677 conficit,
1663 600 1808 663 tum
1847 619 1996 664 vero
2040 598 2196 665 haec
2240 602 2462 668 addita
2505 626 2657 671 cura

259 701 373 766 vix
415 701 577 766 mihi
604 701 807 767 vitam
843 700 1159 785 reliquam
1196 699 1372 767 facit.
1462 699 1590 766 Sed
1630 704 1698 767 et
1732 701 2061 789 navigatio
2099 705 2490 789 perdifficilis
2530 706 2659 775 fuit

261 806 327 869 et
352 804 465 869 ille
492 803 774 869 incertus
798 802 914 870 ubi
939 806 1298 890 egoLessem
1326 803 1594 870 fortasse
1624 803 1827 870 alium
1853 827 2108 871 cursum
2136 808 2387 893 petivit.
2477 808 2654 877 Nam

262 906 562 973 Phaetho
604 907 872 973 libertus
913 929 1063 973 eum
1101 928 1234 973 non
1263 907 1469 973 vidit:
1515 912 1710 973 vento
1747 908 2020 975 reiectus
2054 909 2137 976 ab
2170 909 2299 977 Ilio
2331 912 2403 977 in
2441 912 2655 981 Mace-

262 1011 526 1078 doniam
582 1009 803 1077 Pellae
859 1010 1023 1077 mihi
1064 1014 1316 1098 praesto
1362 1010 1511 1076 fuit.
1601 1009 1883 1097 Reliqua
1927 1034 2123 1098 quam
2169 1014 2331 1081 mihi
2369 1016 2661 1085 timenda

263 1115 396 1181 sint
421 1113 608 1181 video
646 1137 763 1180 nec
791 1114 948 1200 quid
976 1113 1249 1181 scribam
1275 1112 1482 1180 habeo
1520 1118 1586 1181 et
1626 1114 1844 1181 omnia
1880 1115 2099 1198 timeo,
2143 1139 2261 1183 nec
2297 1122 2434 1184 tam
2469 1120 2657 1188 mise-

263 1240 412 1285 rum
446 1223 543 1284 est
571 1218 925 1304 quidquam
952 1218 1126 1304 quod
1153 1239 1287 1284 non
1312 1215 1386 1284 in
1413 1221 1703 1284 nostram
1732 1218 2064 1285 fortunam
2092 1221 2314 1287 cadere
2343 1222 2658 1292 videatur.

263 1320 590 1408 Equidem
628 1321 837 1387 adhuc
873 1322 1067 1387 miser
1091 1321 1165 1387 in
1191 1320 1491 1387 maximis
1529 1321 1689 1387 meis
1730 1322 2055 1389 aerumnis
2096 1327 2164 1389 et
2195 1324 2494 1408 luctibus,
2537 1328 2659 1395 hoc

267 1428 444 1491 metu
474 1424 740 1505 adiecto,
771 1446 997 1491 maneo
1027 1423 1511 1491 Thessalonicae
1540 1447 1880 1511 suspensus
1908 1448 2025 1492 nec
2054 1428 2257 1493 audeo
2286 1430 2658 1515 quidquam.

268 1529 332 1594 3.
364 1526 562 1594 Nunc
582 1532 732 1592 audi
749 1529 833 1593 ad
854 1550 948 1609 ea,
980 1550 1143 1613 quae
1164 1528 1485 1615 scripsisti.
1555 1527 1970 1614 Tryphonem
1989 1526 2335 1597 Caecilium
2357 1555 2489 1599 non
2506 1534 2660 1602 vidi.

268 1630 640 1698 Sermonem
690 1636 878 1696 tuum
904 1635 971 1698 et
1015 1631 1306 1717 Pompeii
1341 1630 1613 1719 cognovi
1652 1654 1733 1698 ex
1768 1632 1898 1698 tuis
1934 1633 2185 1700 litteris.
2295 1635 2555 1704 Motum
2591 1639 2663 1705 in

266 1758 339 1801 re
392 1733 651 1821 publica
699 1756 830 1800 non
895 1738 1327 1821 tantumfflego
1377 1734 1747 1821 impendere
1797 1736 2003 1817 video,
2056 1741 2374 1823 quantum
2422 1745 2499 1805 tu
2549 1747 2665 1809 aut

269 1839 449 1904 vides
504 1842 616 1904 aut
675 1839 760 1904 ad
797 1859 900 1903 me
958 1838 1415 1905 consolandum
1471 1838 1704 1905 adfers.
1796 1837 2079 1926 Tigrane
2138 1841 2313 1906 enim
2368 1843 2663 1930 neglecto

272 1941 525 2007 sublata
571 1945 723 2006 sunt
765 1941 1002 2007 omnia.
1092 1939 1376 2008 Varroni
1434 1963 1538 2007 me
1587 1941 1772 2008 iubes
1822 1965 2013 2029 agere
2058 1943 2340 2030 gratias:
2404 1945 2658 2029 faciam,

270 2046 429 2111 item
469 2043 802 2130 Hypsaeo.
893 2042 1087 2116 Quod
1135 2045 1382 2124 suades,
1428 2067 1512 2111 ne
1552 2045 1813 2132 longius
1856 2046 2275 2128 discedamus,
2321 2049 2479 2115 dum
2522 2057 2665 2119 acta

271 2147 508 2214 mensis
543 2147 709 2214 Maii
739 2149 823 2213 ad
861 2169 978 2213 nos
1015 2147 1440 2233 perferantur,
1484 2152 1644 2234 puto
1687 2171 1793 2215 me
1834 2148 1930 2214 ita
1967 2171 2100 2214 esse
2144 2150 2507 2234 facturum3
2554 2159 2666 2223 sed

272 2250 387 2318 ubi
405 2252 437 2317 Ρ
480 2250 794 2317 Nondum
822 2252 1088 2335 statui-J
1115 2252 1337 2338 Atque
1363 2252 1458 2318 ita
1478 2251 1851 2337 perturbato
1879 2274 2023 2318 sum
2052 2252 2267 2320 animo
2296 2256 2377 2320 de
2400 2256 2664 2339 Quinto,

273 2360 349 2421 ut
383 2355 549 2421 nihil
582 2378 810 2441 queam
856 2359 1153 2421 statuere.
1241 2354 1373 2420 Sed
1404 2359 1626 2421 tamen
1669 2356 1889 2421 statim
1930 2360 1997 2421 te
2040 2356 2274 2422 faciam
2318 2360 2663 2429 certiorem.

275 2462 339 2523 4.
385 2457 495 2524 Ex
551 2458 964 2544 epistolarum
991 2480 1309 2524 ·mearum
1366 2458 1802 2525 inconstantia
1858 2463 2016 2546 puto
2071 2463 2139 2526 te
2196 2462 2431 2528 mentis
2487 2486 2664 2532 meae

275 2566 524 2629 motum
551 2562 803 2629 videre:
849 2563 980 2648 qui,
1013 2562 1133 2628 etsi
1160 2561 1520 2632 incredibili
1547 2566 1612 2629 et
1642 2562 1956 2650 singulari
1984 2564 2347 2632 calamitate
2374 2567 2666 2637 adflictus

274 2689 437 2747 sum,
483 2673 700 2737 tamen
728 2689 859 2733 non
887 2671 1023 2733 tam
1051 2671 1147 2732 est
1174 2689 1255 2732 ex
1284 2666 1539 2733 miseria
1566 2690 1763 2753 quam
1791 2689 1872 2733 ex
1901 2668 2123 2755 culpae
2166 2675 2417 2736 nostrae
2459 2696 2664 2740 recor-

340 2938 451 2986 haoc
486 2938 676 3003 addita]
754 2936 884 2987 ‘this
915 2935 1184 2987 additional
1214 2936 1418 3001 anxiety
1520 2936 1739 2998 Clodius,
1770 2938 1901 2989 after
1930 2955 1962 2989 a
1992 2938 2213 3003 struggle
2244 2940 2298 2990 iu
2319 2942 2486 2994 which
2509 2961 2661 3013 many

273 3003 427 3054 about
462 3018 546 3068 my
581 3002 780 3053 brother
811 3002 988 3065 hardly
1020 3002 1183 3052 leaves
1220 3018 1420 3068 me,my
1518 3003 1645 3054 lives
1687 3019 1815 3054 were
1859 3004 1968 3063 lost,
2015 3007 2217 3054 rescued
2261 3007 2345 3056 the
2389 3009 2487 3085 boy
2528 3011 2660 3064 from

274 3067 402 3118 life)
470 3068 691 3117 Another
721 3067 926 3117 careless
955 3067 1251 3130 expression.
1525 3067 1748 3130 Flavius,
1770 3067 1894 3118 with
1913 3069 1999 3118 the
2020 3070 2192 3133 design
2220 3070 2275 3120 of
2297 3077 2539 3139 restonng
2558 3075 2664 3128 him

339 3134 489 3181 alium
509 3149 698 3181 cursam
712 3132 916 3198 petivit]
957 3135 970 3158 ‘
985 3138 1119 3182 went
1134 3131 1188 3181 in
1201 3147 1231 3181 a
1244 3147 1416 3197 wrong
1518 3139 1572 3183 to
1591 3132 1672 3183 his
1692 3133 1873 3194 father,
1895 3134 2009 3183 who
2029 3135 2127 3184 had
2148 3134 2318 3185 bribed
2340 3136 2556 3190 Clodius.
2610 3140 2664 3193 It

274 3196 548 3247 direction!
1514 3213 1618 3247 was
1650 3199 1893 3261 supposed
1916 3198 2028 3249 that
2056 3199 2156 3248 this
2189 3201 2364 3266 (lating
2394 3209 2476 3254 act
2495 3207 2662 3258 would

338 3260 579 3327 Phaetho]
644 3278 675 3312 a
695 3262 944 3311 freedman
965 3261 1020 3310 of
1034 3260 1219 3312 Cicero.
1512 3261 1641 3311 have
1662 3264 1840 3312 caused
1862 3279 1893 3313 a
1913 3269 2116 3326 rupture
2131 3264 2356 3315 between
2377 3267 2461 3319 the
2481 3268 2657 3321 trium-

339 3328 397 3375 ab
418 3329 518 3377 Ilio
606 3326 726 3376 This
748 3326 791 3375 is
811 3325 896 3376 the
922 3325 1191 3376 admirable
1212 3326 1411 3391 conjec·
1513 3326 1631 3386 virs,
1657 3328 1733 3376 for
1755 3327 1954 3377 Clodius
1969 3344 2070 3378 was
2091 3332 2354 3393 supported
2371 3333 2437 3396 by
2456 3333 2650 3385 Caesar.

275 3397 385 3442 ture
427 3392 483 3442 of
581 3392 729 3455 advig
770 3391 850 3441 for
893 3392 950 3439 ab
986 3393 1086 3451 illo,
1126 3390 1290 3440 which
1324 3392 1414 3442 has
1516 3391 1583 3441 So
1633 3392 1803 3441 Cicero
1851 3407 1981 3456 says,
2029 3397 2043 3420 ⁴
2063 3409 2178 3443 now
2215 3395 2327 3444 that
2373 3397 2460 3446 the
2528 3399 2654 3451 have

274 3455 400 3506 been
431 3457 648 3507 hitherto
695 3456 954 3518 explained
990 3472 1045 3505 as
1077 3456 1321 3532 referring
1364 3463 1414 3506 to
1512 3457 1804 3532 overlooked
1824 3455 1925 3506 this
1953 3472 2079 3517 case,
2115 3458 2182 3508 all
2204 3460 2386 3513 chance
2416 3477 2447 3511 o
2490 3479 2521 3513 a
2541 3481 2656 3529 rup-

276 3519 523 3582 Quintus3
559 3523 655 3572 and
677 3523 872 3569 reiectus
892 3522 951 3569 ab
972 3523 1056 3570 illo
1091 3521 1176 3584 (sc.
1205 3521 1409 3586 Quinto)
1511 3527 1623 3571 ture
1658 3537 1701 3571 rs
1736 3521 1897 3585 gone!
1985 3522 2054 3570 Of
2095 3538 2264 3572 course
2306 3525 2354 3574 if
2393 3526 2653 3592 Pompeius

274 3588 330 3634 in
352 3589 675 3636 Macedoniam
694 3586 784 3634 has
814 3586 939 3635 been
959 3586 1209 3644 rendered,
1235 3586 1341 3636 ‘bei
1512 3586 1611 3635 had
1643 3587 1824 3662 openly
1857 3587 2131 3661 quarrelled
2164 3587 2289 3662 yith
2323 3590 2498 3640 Caesar
2536 3595 2651 3649 (and

274 3653 529 3715 separated
548 3652 676 3701 from
700 3650 929 3712 Quintus,
966 3651 1063 3700 and
1092 3650 1264 3700 driven
1288 3602 1415 3701 bacnfi
1510 3650 1728 3715 thmugh
1755 3650 1862 3701 him
1891 3651 2015 3700 with
2045 3650 2282 3727 Clodius),
2319 3653 2457 3706 there
2490 3660 2654 3710 would

275 3715 492 3832 bgmfoul
535 3716 752 3830 vileathsr
804 3723 856 3765 to
901 3714 1219 3791 ldwedonm’
1295 3715 1413 3830 Ἰ,ΒΙιΞΞε
1509 3714 1642 3829 ¹hiave
1665 3718 1785 3766 been
1805 3716 1933 3780 good
1953 3716 2102 3779 hopes
2130 3716 2186 3766 of
2207 3717 2420 3768 Cicero's
2445 3729 2652 3773 restora-

275 3796 300 3830 s
407 3797 442 3846 y
473 3798 559 3831 suc
626 3798 689 3831 an
726 3795 1007 3856 expressnon
1037 3795 1081 3829 is
1111 3794 1311 3843 impossr
1395 3815 1408 3828 .
1551 3795 1633 3830 on.
1780 3847 1790 3857 ·
2180 3844 2191 3856 ι
2517 3850 2529 3862 ·

276 3911 331 3960 0.
344 3847 741 3961 maffia
754 3843 1072 3974 mm.
1104 3843 1414 3985 :mss
1509 3843 2654 3985 figzzffssz..ff.ssezffnssae2fif¹zz,⁸3:³22ss

274 3975 393 4026 took
413 3976 496 4026 the
515 3991 679 4025 nomen
701 3973 755 4025 of
774 3974 853 4023 his
869 3981 1059 4037 patron,
1084 3972 1175 4023 but
1190 3989 1256 4022 an
1275 3973 1408 4023 arbi·
1509 3973 1674 4024 friend
1693 3973 1749 4024 of
1770 3973 2046 4036 Pompeius.
2065 4002 2069 4006 <

275 4046 411 4106 trax-y
420 4057 701 4102 praenomen
714 4057 737 4100 ,·
769 4039 895 4088 later
916 4039 979 4088 he
1003 4037 1120 4088 took
1136 4053 1299 4113 nornen
1314 4039 1413 4088 and
1576 4037 1825 4105 Hypsaeo]
1849 4038 1906 4087 P.
1923 4037 2149 4114 Plautius
2165 4037 2443 4116 Eymaeus,
2505 4060 2643 4096 um.

268 4121 553 4166 praenomen
585 4105 639 4155 cf
669 4105 749 4155 his
773 4110 963 4166 patron,
997 4102 1171 4166 taking
1188 4102 1269 4152 lus
1297 4118 1413 4155 own
1510 4108 1589 4154 tor
1610 4103 1665 4153 of
1685 4103 1948 4182 Pompeius
1964 4119 2020 4152 ιιι
2039 4103 2125 4153 the
2149 4103 2455 4195 l‘dithndatic
2471 4059 2605 4160 &ar-

276 4185 797 4301 Μῗῖιῖηῧοὲξιῖἲξέιᾈ
808 4232 1124 4309 betweenthe
1136 4230 1406 4283 triumvirs.
1512 4231 1541 4282 1
1564 4168 1816 4308 gomi?
1846 4170 2056 4309 λῖὴιινο.
2074 4167 2164 4282 ilict
2191 4168 2296 4298 ξοιῗ
2305 4170 2652 4306 gffiemuffi

345 4300 552 4362 ssyr-ane
592 4302 717 4349 enim
847 4297 982 4364 lecto]
1047 4297 1285 4363 Tigranes
1325 4297 1413 4348 the
1511 4298 1686 4347 mmd.’
1855 4313 1913 4347 us
1956 4306 1999 4347 rt
2040 4313 2084 4347 is
2126 4298 2233 4349 best
2272 4305 2328 4350 to
2366 4311 2635 4364 punctuate

312 4378 513 4428 ounger,
549 4364 635 4414 the
666 4315 844 4414 εοιιηὲξ
870 4363 994 4426 king
1021 4361 1272 4427 Tigranes,
1312 4377 1415 4438 was
1512 4349 1795 4412 with'Boot
1825 4363 1923 4412 and
1956 4361 2152 4424 Zumpt.
2638 4344 2652 4368 ’

274 4429 491 4545 ‘hengist
519 4428 664 4505 home
696 4427 1058 4544 bthqplipeius
1105 4428 1204 4477 and
1232 4425 1414 4542 lefttorp
1508 4490 1528 4541 l
1558 4430 1630 4543 tte
1656 4433 1833 4556 ἐξέτεινε
1868 4463 1882 4476 .
1922 4463 1936 4477 .
1977 4463 1990 4476 .
2026 4427 2298 4495 commotus]
2355 4429 2447 4482 See
2467 4447 2533 4483 on
2553 4434 2651 4485 last

355 4509 383 4544 e
460 4508 636 4559 esprng
678 4509 744 4543 wi
911 4508 1069 4552 avius,
1121 4509 1151 4543 a
1200 4507 1316 4542 seua
1394 4527 1408 4540 .
1529 4507 1557 4542 e
1629 4507 1671 4552 r,
1731 4508 1781 4542 n.

1391 4590 1552 4641 2A2

2607 4568 2654 4582 0·-
