3229 5145
934 467 1076 531 ΕΡ.
1125 467 1293 531 XII.
1349 467 1505 551 (DE
1543 468 1747 532 PET.
1793 467 2073 548 CONS.)
2565 468 2688 530 167

300 661 423 723 que
452 639 735 706 confidas
761 639 1143 706 constituere
1171 641 1389 727 possis.
1480 642 1585 705 36.
1632 639 1782 706 Iam
1810 642 2228 706 deductorum
2257 638 2533 704 officium
2565 661 2691 724 quo

298 742 506 808 maius
533 748 630 808 est
659 765 854 828 quam
882 744 1325 823 salutatorum,
1368 744 1490 810 hoc
1518 744 1767 830 gratius
1793 744 1916 810 tibi
1947 765 2080 808 esse
2109 742 2467 828 significato
2498 746 2691 827 atque

297 846 617 911 ostendito
663 851 749 925 et,
795 848 969 932 quod
1011 847 1147 913 eius
1189 848 1329 912 fieri
1358 848 1611 934 poterit,
1657 847 1843 913 certis
1881 846 2275 933 temporibus
2304 846 2689 911 descendite.

296 946 616 1035 Magnam
659 950 873 1016 adfert
915 950 1302 1037 opinionem,
1349 973 1658 1037 magnam
1688 950 2075 1036 dignitatem
2119 949 2441 1014 cotidiana
2479 948 2551 1013 in
2585 949 2693 1014 de-

296 1054 588 1119 ducendo
619 1053 997 1140 frequentia.
1090 1057 1194 1119 37.
1243 1054 1462 1120 Tertia
1501 1059 1597 1119 est
1632 1077 1714 1119 ex
1748 1053 1868 1135 hoc
1907 1075 2140 1139 genere
2176 1052 2447 1117 adsidua
2482 1053 2693 1117 adsec-

293 1160 580 1222 tatorum
602 1158 801 1244 copia.
868 1158 951 1224 In
975 1181 1050 1223 ea
1074 1181 1232 1244 quos
1255 1158 1646 1224 voluntarios
1667 1155 1950 1235 habebis,
1975 1160 2194 1221 curato
2216 1161 2291 1220 ut
2312 1156 2696 1241 intellegant

294 1263 364 1325 te
390 1259 514 1325 sibi
541 1261 611 1325 in
640 1266 1020 1347 perpetuum
1051 1284 1300 1327 summo
1344 1261 1650 1327 beneficio
1697 1260 2007 1347 obligari:
2047 1260 2160 1345 qui
2189 1263 2405 1325 autem
2432 1259 2555 1325 tibi
2584 1260 2693 1325 de-

294 1361 472 1443 bent,
504 1363 587 1429 ab
614 1364 695 1429 iis
722 1365 916 1450 plane
943 1363 1064 1431 hoc
1096 1387 1334 1430 munus
1368 1365 1634 1451 exigito,
1665 1365 1777 1449 qui
1806 1387 1921 1449 per
1949 1367 2229 1429 aetatem
2258 1385 2332 1428 ac
2358 1362 2695 1448 negotium

292 1471 620 1551 poterunt,
664 1468 790 1553 ipsi
819 1473 1033 1534 tecum
1067 1472 1143 1534 ut
1172 1468 1428 1534 adsidui
1457 1469 1609 1547 sint,
1656 1468 1770 1553 qui
1797 1467 2179 1553 ipsi'sectari
2207 1489 2338 1531 non
2369 1470 2690 1551 poterunt,

292 1591 443 1635 suos
469 1572 849 1638 necessarios
875 1572 946 1637 in
973 1572 1095 1637 hoc
1121 1593 1384 1637 munere
1428 1572 1837 1637 constituant.
1927 1570 2140 1637 Valde
2183 1591 2304 1655 ego
2343 1575 2407 1635 te
2437 1568 2581 1634 volo
2628 1575 2695 1635 et

294 1673 381 1738 ad
406 1696 546 1739 rem
573 1674 890 1760 pertinere
920 1675 1193 1741 arbitror
1220 1697 1468 1760 semper
1495 1696 1643 1739 cum
1672 1673 2090 1739 multitudine
2121 1696 2273 1738 esse.
2349 1673 2454 1737 38.
2498 1671 2694 1737 Prae-

290 1779 471 1842 terea
505 1799 816 1863 magnam
854 1778 1067 1843 adfert
1104 1778 1364 1844 laudem
1395 1782 1459 1843 et
1488 1800 1807 1843 summam
1839 1777 2252 1864 dignitatem,
2299 1776 2353 1841 si
2395 1776 2443 1840 ii
2480 1779 2692 1841 tecum

292 1885 506 1961 erunt,
547 1881 659 1965 qui
687 1904 727 1945 a
754 1885 820 1947 te
849 1881 1095 1946 defensi
1123 1885 1188 1946 et
1217 1882 1330 1967 qui
1353 1904 1467 1966 per
1492 1884 1558 1946 te
1589 1881 1824 1946 servati
1852 1903 1926 1946 ac
1955 1880 2210 1945 iudiciis
2241 1878 2496 1945 liberati
2517 1883 2687 1945 sunt.

292 1982 481 2049 Haec
522 1989 600 2050 tu
625 1984 817 2070 plane
861 1984 942 2050 ab
971 1985 1052 2049 iis
1088 1985 1431 2070 postulat0‚
1475 1988 1571 2064 ut,
1620 1984 1926 2069 quoniam
1953 1984 2138 2049 nulla
2166 1983 2456 2069 impensa
2483 2005 2598 2069 per
2625 1986 2691 2048 te

292 2086 409 2152 alii
442 2110 599 2167 rem,
641 2088 754 2152 alii
791 2087 1210 2167 honestatem,
1256 2088 1370 2153 alii
1412 2089 1685 2153 salutem
1726 2110 1800 2153 ac
1834 2088 2130 2153 fortunas
2172 2109 2391 2152 omnes
2434 2085 2688 2152 obtinu-

293 2189 464 2256 erint
488 2214 607 2257 nec
650 2192 829 2257 aliud
855 2191 1064 2257 ullum
1093 2196 1348 2278 tempus
1386 2192 1685 2257 futurum
1724 2193 1809 2257 sit
1840 2191 1954 2257 ubi
1985 2190 2108 2257 tibi
2134 2192 2369 2257 referre
2413 2191 2689 2276 gratiam

293 2295 557 2379 possint,
588 2293 707 2360 hoc
736 2298 800 2360 te
830 2295 1033 2361 officio
1060 2301 1568 2361 remunerentur.

379 2396 468 2462 X.
518 2399 621 2463 39.
669 2398 762 2464 Et
790 2400 1094 2483 quoniam
1128 2400 1199 2464 in
1238 2399 1589 2464 amicorum
1634 2399 1865 2464 studiis
1905 2397 2064 2464 haec
2106 2397 2314 2464 omnis
2355 2397 2520 2463 ratio
2549 2421 2688 2464 ver-

293 2503 490 2582 satur,
521 2501 634 2587 qui
660 2501 834 2567 locus
861 2501 932 2567 in
960 2501 1080 2568 hoc
1119 2525 1354 2590 genere
1383 2504 1704 2569 cavendus
1741 2502 1825 2568 sit
1871 2502 2513 2589 praetermittendum
2557 2523 2690 2567 non

290 2605 563 2671 videtur.
653 2605 930 2672 Fraudis
973 2611 1165 2693 atque
1202 2607 1582 2673 insidiarum
1612 2613 1678 2673 et
1708 2606 2011 2692 perfidiae
2041 2605 2235 2691 plena
2267 2609 2419 2671 sunt
2447 2608 2683 2671 omnia.

292 2707 447 2774 Non
493 2715 590 2775 est
638 2708 831 2776 huius
879 2711 1185 2797 temporis
1229 2716 1541 2798 perpetua
1583 2711 1702 2776 illa
1745 2712 1826 2775 de
1869 2709 1990 2776 hoc
2035 2732 2269 2796 genere
2314 2709 2683 2795 disputatiO,

292 2811 523 2897 quibus
560 2812 749 2879 rebus
785 2812 1130 2880 benevolus
1164 2819 1230 2880 et
1259 2815 1594 2880 simulator
1624 2814 1962 2879 diiudicari
2004 2814 2204 2900 possit
2230 2836 2244 2876 ε
2291 2817 2548 2878 tantum
2588 2819 2685 2879 est

288 2914 483 2981 huius
517 2917 823 3002 temporis
866 2919 1225 2984 admonere.
1315 2918 1584 2984 Summa
1613 2925 1729 2984 tua
1762 2918 1962 2983 virtus
2005 2918 2259 2982 eosdem
2287 2914 2577 2981 homines
2619 2923 2683 2983 et

289 3019 590 3086 simulare
632 3020 753 3086 tibi
796 3043 861 3086 se
905 3044 1037 3086 esse
1081 3022 1314 3087 amicos
1356 3027 1422 3088 et
1463 3023 1749 3087 invidere
1808 3021 2038 3107 coegit.
2162 3020 2377 3090 Quam
2420 3019 2502 3085 ob
2545 3043 2681 3086 rem

288 3121 735 3209 Ἐπιχάρμειον
772 3124 936 3190 illud
964 3130 1200 3205 tenete,
1234 3131 1251 3160 ‘
1271 3148 1498 3191 nervos
1526 3131 1720 3211 atque
1752 3130 1932 3190 artus
1977 3146 2110 3189 esse
2155 3123 2506 3209 sapientiae
2548 3147 2682 3190 non

287 3229 526 3291 temere
566 3227 861 3293 credere.'
950 3231 1053 3292 40.
1100 3229 1192 3294 Et
1237 3251 1383 3295 cum
1424 3233 1686 3295 tuorum
1726 3228 2078 3294 amicorum
2121 3227 2338 3292 studia
2370 3227 2679 3294 constitu-

288 3329 431 3407 eris,
485 3333 629 3394 tum
688 3332 883 3395 etiam
944 3331 1441 3397 obtrectatorum
1484 3337 1677 3417 atque
1723 3331 2232 3397 adversariorum
2275 3331 2555 3396 rationes
2612 3337 2678 3397 et

286 3454 525 3518 genera
553 3434 932 3519 cognoscito.
1021 3434 1208 3500 Haec
1235 3435 1361 3501 tria
1391 3440 1578 3500 sunt:
1626 3459 1853 3514 unum,
1886 3459 2044 3520 quos
2070 3434 2333 3512 laesisti,
2382 3434 2675 3514 alterum,

288 3537 399 3620 qui
427 3536 564 3602 sine
592 3560 781 3602 causa
809 3560 941 3602 non
971 3544 1212 3618 amant,
1257 3540 1544 3620 tertium,
1593 3541 1707 3624 qui
1736 3539 2228 3625 competitorum
2258 3537 2444 3603 valde
2488 3541 2676 3605 amici

286 3643 457 3705 sunt.
550 3639 727 3710 Quos
755 3641 1012 3719 laesisti,
1054 3663 1201 3706 cum
1230 3647 1450 3707 contra
1479 3665 1585 3708 eos
1612 3665 1729 3728 pro
1761 3642 1964 3707 amico
1993 3642 2251 3720 diceres,
2283 3641 2363 3706 iis
2390 3646 2457 3706 te
2487 3643 2675 3727 plane

284 3746 580 3829 purgato,
604 3744 1098 3811 necessitudines
1126 3751 1637 3826 commemorato,
1656 3746 1725 3810 in
1750 3767 1927 3830 spem
1949 3745 2250 3810 adducito
2273 3750 2337 3809 te
2359 3745 2428 3809 in
2459 3768 2676 3811 eorum

352 3949 429 3995 36.
457 3944 715 4011 quodeius]
750 3945 826 3996 cf.
851 3949 952 3995 eius
967 3949 1323 4010 nihilroqatum
1336 3956 1424 4009 σει,
1527 3950 1612 3999 the
1645 3949 1932 4014 enjoyment
1964 3948 2022 3998 of
2047 3948 2133 3998 the
2168 3947 2588 4012 pro-praetorship
2622 3955 2674 3998 to

285 4010 391 4059 Att.
428 4010 500 4060 iii.
538 4014 616 4069 23,
654 4014 701 4060 3.
771 4012 877 4062 The
910 4012 1098 4075 change
1130 4019 1184 4062 to
1214 4017 1367 4075 quoad
1384 4015 1428 4063 is
1528 4013 1691 4064 which
1714 4014 1777 4064 he
1798 4014 1895 4063 had
1917 4014 2042 4064 been
2063 4013 2363 4077 designated.

285 4075 526 4125 therefore
560 4091 904 4141 unnecessary.
985 4077 1107 4127 This
1143 4077 1187 4126 is
1230 4095 1261 4128 a
1296 4079 1428 4144 legal
1592 4083 1670 4128 39.
1707 4081 1790 4141 qui
1825 4079 1971 4143 loeus]
2003 4082 2016 4105 ‘
2039 4079 2172 4127 what
2207 4077 2346 4139 point
2379 4079 2537 4127 under
2569 4077 2671 4127 this

285 4140 594 4203 expression:
633 4157 713 4191 see
737 4141 881 4206 Roby
910 4143 1049 4193 1297.
1523 4143 1739 4208 heading
1759 4145 1991 4193 demands
2011 4142 2190 4206 special
2214 4142 2476 4190 wariness)

347 4205 628 4272 descendite]
694 4223 755 4255 ee.
789 4206 843 4257 in
873 4206 1053 4256 forum.
1243 4272 1273 4285 ..
1590 4212 1702 4258 Non
1738 4216 1805 4258 est
1840 4211 2063 4270 temporis
2093 4205 2262 4293 biam)
2335 4206 2404 4256 ‘it
2436 4208 2551 4256 does
2585 4213 2670 4256 not

350 4273 428 4319 38.
482 4270 793 4337 kmstatem]
890 4272 968 4321 cf.
1015 4272 1156 4322 Fam.
1205 4290 1293 4322 vu.
1343 4278 1420 4336 29,
1525 4273 1647 4324 befit
1668 4274 1753 4325 the
1774 4280 1971 4337 present
1992 4287 2229 4322 occasion.

286 4334 448 4386 where
478 4335 657 4385 Curius
689 4336 842 4386 refers
873 4342 926 4386 to
957 4337 1093 4387 these
1123 4338 1261 4388 three
1289 4339 1423 4389 heir·
1589 4339 1935 4402 Ἐπιχάρμειον
1957 4335 2106 4399 illud]
2177 4337 2268 4383 See
2288 4335 2396 4385 Att.
2423 4334 2459 4384 i.
2481 4339 2556 4397 19,
2585 4340 2632 4386 8.

284 4399 437 4450 looms
468 4400 525 4450 of
554 4416 584 4450 a
608 4401 815 4451 Roman.
884 4401 986 4456 But
1008 4403 1224 4453 honorem
1256 4404 1311 4453 of
1342 4405 1428 4455 the
1589 4407 1669 4453 40.
1704 4402 1936 4468 rationes]
2021 4407 2034 4428 ‘
2060 4400 2309 4450 attitude.’
2379 4399 2500 4450 This
2533 4403 2669 4452 word

284 4480 358 4514 ms
390 4481 506 4529 may
538 4467 652 4516 well
683 4466 745 4516 be
777 4465 923 4529 right.
992 4467 1197 4528 Gallius,
1232 4469 1311 4518 for
1341 4469 1421 4517 in·
1525 4470 1567 4518 is
1589 4485 1711 4533 very
1733 4469 1871 4518 osten
1894 4468 2013 4517 used
2035 4466 2104 4530 by
2128 4465 2361 4521 Quintus.

285 4536 466 4593 mnne,
501 4531 680 4595 gained
702 4531 769 4596 by
792 4532 877 4583 the
909 4533 1155 4599 advocacy
1177 4534 1232 4584 of
1255 4534 1423 4586 Cicero
1589 4531 1969 4597 necessitudines]
2039 4534 2053 4558 ‘
2076 4531 2160 4581 the
2214 4530 2343 4581 close
2398 4533 2668 4582 connexion
