<?xml version="1.0" encoding="UTF-8"?>
<!DOCTYPE html PUBLIC "-//W3C//DTD XHTML 1.0 Transitional//EN"
    "http://www.w3.org/TR/xhtml1/DTD/xhtml1-transitional.dtd">
<html xmlns="http://www.w3.org/1999/xhtml" xml:lang="en" lang="en">
 <head>
  <title>
</title>
<meta http-equiv="Content-Type" content="text/html;charset=utf-8" />
  <meta name='ocr-system' content='tesseract 3.04.00' />
  <meta name='ocr-capabilities' content='ocr_page ocr_carea ocr_par ocr_line ocrx_word'/>
</head>
<body>
  <div class='ocr_page' id='page_1' title='image "./correspondencem02pursgoog_0408.png"; bbox 0 0 3229 5145; ppageno 0'>
   <div class='ocr_carea' id='block_1_1' title="bbox 519 449 2324 544">
    <p class='ocr_par' dir='ltr' id='par_1_1' title="bbox 519 449 2324 544">
     <span class='ocr_line' id='line_1_1' title="bbox 519 449 2324 544; baseline -0.001 -27"><span class='ocrx_word' id='word_1_1' title='bbox 519 451 652 517; x_wconf 83' lang='lat'><strong>382</strong></span> <span class='ocrx_word' id='word_1_2' title='bbox 1159 449 1307 514; x_wconf 86' lang='grc' dir='ltr'><strong>ΕΡ.</strong></span> <span class='ocrx_word' id='word_1_3' title='bbox 1354 449 1691 517; x_wconf 82' lang='lat' dir='ltr'><em>LXXVI.</em></span> <span class='ocrx_word' id='word_1_4' title='bbox 1741 449 1973 544; x_wconf 73' lang='grc' dir='ltr'>(ΑΠ’.</span> <span class='ocrx_word' id='word_1_5' title='bbox 2005 450 2154 515; x_wconf 91' lang='lat' dir='ltr'><strong>III.</strong></span> <span class='ocrx_word' id='word_1_6' title='bbox 2187 450 2324 534; x_wconf 87' lang='grc'><em>18.)</em></span> 
     </span>
    </p>
   </div>
   <div class='ocr_carea' id='block_1_2' title="bbox 780 834 2672 925">
    <p class='ocr_par' dir='ltr' id='par_1_2' title="bbox 780 834 2672 925">
     <span class='ocr_line' id='line_1_2' title="bbox 780 834 2672 925; baseline 0 -20"><span class='ocrx_word' id='word_1_7' title='bbox 780 836 1114 905; x_wconf 89' lang='lat' dir='ltr'><strong>LXXVI.</strong></span> <span class='ocrx_word' id='word_1_8' title='bbox 1161 836 1279 905; x_wconf 80' lang='lat' dir='ltr'><strong>To</strong></span> <span class='ocrx_word' id='word_1_9' title='bbox 1324 834 1750 918; x_wconf 82' lang='lat' dir='ltr'><strong>ATTIGUS,</strong></span> <span class='ocrx_word' id='word_1_10' title='bbox 1797 858 1874 903; x_wconf 78' lang='lat' dir='ltr'><strong>m</strong></span> <span class='ocrx_word' id='word_1_11' title='bbox 1919 835 2128 904; x_wconf 67' lang='lat' dir='ltr'><strong>Bous</strong></span> <span class='ocrx_word' id='word_1_12' title='bbox 2178 837 2374 925; x_wconf 80' lang='lat' dir='ltr'><strong>(Arr.</strong></span> <span class='ocrx_word' id='word_1_13' title='bbox 2408 858 2516 903; x_wconf 87' lang='lat' dir='ltr'><strong>m.</strong></span> <span class='ocrx_word' id='word_1_14' title='bbox 2556 838 2672 925; x_wconf 82' lang='lat'><strong>18).</strong></span> 
     </span>
    </p>
   </div>
   <div class='ocr_carea' id='block_1_3' title="bbox 845 1060 2595 1123">
    <p class='ocr_par' dir='ltr' id='par_1_3' title="bbox 845 1060 2595 1123">
     <span class='ocr_line' id='line_1_3' title="bbox 845 1060 2595 1123; baseline -0.001 -15"><span class='ocrx_word' id='word_1_15' title='bbox 845 1062 1363 1123; x_wconf 64' lang='lat' dir='ltr'><strong>messuoch,</strong></span> <span class='ocrx_word' id='word_1_16' title='bbox 1396 1063 1460 1107; x_wconf 76' lang='lat' dir='ltr'><strong>A.</strong></span> <span class='ocrx_word' id='word_1_17' title='bbox 1485 1062 1555 1107; x_wconf 78' lang='lat' dir='ltr'><strong>u.</strong></span> <span class='ocrx_word' id='word_1_18' title='bbox 1580 1062 1638 1107; x_wconf 90' lang='lat' dir='ltr'><strong>c.</strong></span> <span class='ocrx_word' id='word_1_19' title='bbox 1671 1060 1805 1123; x_wconf 75' lang='lat'><strong>6963</strong></span> <span class='ocrx_word' id='word_1_20' title='bbox 1853 1062 1915 1107; x_wconf 82' lang='lat' dir='ltr'><strong>B.</strong></span> <span class='ocrx_word' id='word_1_21' title='bbox 1937 1062 1994 1107; x_wconf 86' lang='grc' dir='ltr'><strong>ο.</strong></span> <span class='ocrx_word' id='word_1_22' title='bbox 2027 1061 2135 1122; x_wconf 75' lang='lat'><strong>⁸83</strong></span> <span class='ocrx_word' id='word_1_23' title='bbox 2182 1063 2333 1108; x_wconf 71' lang='lat' dir='ltr'><strong>Am.</strong></span> <span class='ocrx_word' id='word_1_24' title='bbox 2354 1062 2478 1109; x_wconf 88' lang='lat' dir='ltr'><strong>c1c.</strong></span> <span class='ocrx_word' id='word_1_25' title='bbox 2509 1062 2595 1110; x_wconf 77' lang='lat'><strong>48.</strong></span> 
     </span>
    </p>
   </div>
   <div class='ocr_carea' id='block_1_4' title="bbox 511 1242 2951 1474">
    <p class='ocr_par' dir='ltr' id='par_1_4' title="bbox 511 1242 2951 1474">
     <span class='ocr_line' id='line_1_4' title="bbox 611 1242 2951 1311; baseline 0.002 -15"><span class='ocrx_word' id='word_1_26' title='bbox 611 1245 997 1311; x_wconf 80' lang='lat' dir='ltr'><strong>Exspectatione</strong></span> <span class='ocrx_word' id='word_1_27' title='bbox 1018 1260 1119 1296; x_wconf 88' lang='lat' dir='ltr'><strong>non</strong></span> <span class='ocrx_word' id='word_1_28' title='bbox 1139 1260 1295 1309; x_wconf 80' lang='lat' dir='ltr'><strong>parva</strong></span> <span class='ocrx_word' id='word_1_29' title='bbox 1313 1242 1532 1295; x_wconf 82' lang='lat' dir='ltr'><strong>excitata</strong></span> <span class='ocrx_word' id='word_1_30' title='bbox 1551 1258 1630 1307; x_wconf 85' lang='lat' dir='ltr'><strong>eo,</strong></span> <span class='ocrx_word' id='word_1_31' title='bbox 1666 1244 1800 1309; x_wconf 86' lang='lat' dir='ltr'><strong>quod</strong></span> <span class='ocrx_word' id='word_1_32' title='bbox 1820 1245 2083 1310; x_wconf 66' lang='lat' dir='ltr'><strong>scripwat</strong></span> <span class='ocrx_word' id='word_1_33' title='bbox 2102 1244 2301 1296; x_wconf 82' lang='lat' dir='ltr'><strong>Atticus</strong></span> <span class='ocrx_word' id='word_1_34' title='bbox 2323 1244 2600 1297; x_wconf 71' lang='lat' dir='ltr'><strong>Varronem</strong></span> <span class='ocrx_word' id='word_1_35' title='bbox 2620 1245 2951 1300; x_wconf 74' lang='lat' dir='ltr'><strong>confirma-s</strong></span> 
     </span>
     <span class='ocr_line' id='line_1_5' title="bbox 512 1325 2947 1395; baseline 0.001 -16"><span class='ocrx_word' id='word_1_36' title='bbox 512 1327 805 1393; x_wconf 88' lang='lat' dir='ltr'><strong>Pompeium</strong></span> <span class='ocrx_word' id='word_1_37' title='bbox 826 1344 965 1378; x_wconf 84' lang='lat' dir='ltr'><strong>suam</strong></span> <span class='ocrx_word' id='word_1_38' title='bbox 988 1343 1187 1378; x_wconf 82' lang='lat' dir='ltr'><strong>causam</strong></span> <span class='ocrx_word' id='word_1_39' title='bbox 1209 1330 1572 1391; x_wconf 85' lang='lat' dir='ltr'><strong>suscepturum,</strong></span> <span class='ocrx_word' id='word_1_40' title='bbox 1585 1325 1702 1377; x_wconf 83' lang='lat' dir='ltr'><strong>vult</strong></span> <span class='ocrx_word' id='word_1_41' title='bbox 1715 1325 1895 1377; x_wconf 86' lang='lat' dir='ltr'><strong>certior</strong></span> <span class='ocrx_word' id='word_1_42' title='bbox 1915 1325 2026 1377; x_wconf 81' lang='lat' dir='ltr'><strong>fleri</strong></span> <span class='ocrx_word' id='word_1_43' title='bbox 2038 1325 2160 1391; x_wconf 86' lang='lat' dir='ltr'><strong>quid</strong></span> <span class='ocrx_word' id='word_1_44' title='bbox 2175 1326 2362 1378; x_wconf 79' lang='lat' dir='ltr'><strong>Romae</strong></span> <span class='ocrx_word' id='word_1_45' title='bbox 2382 1325 2438 1376; x_wconf 86' lang='lat' dir='ltr'><strong>in</strong></span> <span class='ocrx_word' id='word_1_46' title='bbox 2458 1342 2552 1378; x_wconf 78' lang='lat' dir='ltr'><strong>sua</strong></span> <span class='ocrx_word' id='word_1_47' title='bbox 2571 1343 2723 1380; x_wconf 83' lang='lat' dir='ltr'><strong>causa</strong></span> <span class='ocrx_word' id='word_1_48' title='bbox 2740 1334 2947 1395; x_wconf 77' lang='lat' dir='ltr'><strong>agatur,</strong></span> 
     </span>
     <span class='ocr_line' id='line_1_6' title="bbox 511 1406 1580 1474; baseline -0.003 -14"><span class='ocrx_word' id='word_1_49' title='bbox 511 1410 578 1461; x_wconf 83' lang='lat' dir='ltr'><strong>de</strong></span> <span class='ocrx_word' id='word_1_50' title='bbox 600 1408 664 1467; x_wconf 84' lang='lat' dir='ltr'><strong>Q.</strong></span> <span class='ocrx_word' id='word_1_51' title='bbox 687 1409 859 1461; x_wconf 79' lang='lat' dir='ltr'><strong>fratris</strong></span> <span class='ocrx_word' id='word_1_52' title='bbox 878 1408 1059 1459; x_wconf 88' lang='lat' dir='ltr'><strong>litteris</strong></span> <span class='ocrx_word' id='word_1_53' title='bbox 1081 1408 1299 1474; x_wconf 82' lang='lat' dir='ltr'><strong>itemque</strong></span> <span class='ocrx_word' id='word_1_54' title='bbox 1321 1409 1383 1459; x_wconf 88' lang='lat' dir='ltr'><strong>de</strong></span> <span class='ocrx_word' id='word_1_55' title='bbox 1404 1406 1580 1458; x_wconf 80' lang='lat' dir='ltr'><strong>Attici.</strong></span> 
     </span>
    </p>
   </div>
   <div class='ocr_carea' id='block_1_5' title="bbox 1352 1603 2115 1662">
    <p class='ocr_par' dir='ltr' id='par_1_5' title="bbox 1352 1603 2115 1662">
     <span class='ocr_line' id='line_1_7' title="bbox 1352 1603 2115 1662; baseline -0.003 0"><span class='ocrx_word' id='word_1_56' title='bbox 1352 1603 1619 1662; x_wconf 84' lang='lat' dir='ltr'><strong>CICERO</strong></span> <span class='ocrx_word' id='word_1_57' title='bbox 1654 1603 1921 1661; x_wconf 84' lang='lat' dir='ltr'>ATTICO</span> <span class='ocrx_word' id='word_1_58' title='bbox 1960 1605 2115 1661; x_wconf 77' lang='lat' dir='ltr'><strong>SAL.</strong></span> 
     </span>
    </p>
   </div>
   <div class='ocr_carea' id='block_1_6' title="bbox 506 1776 2952 3110">
    <p class='ocr_par' dir='ltr' id='par_1_6' title="bbox 506 1776 2952 3110">
     <span class='ocr_line' id='line_1_8' title="bbox 657 1776 2952 1870; baseline 0 -23"><span class='ocrx_word' id='word_1_59' title='bbox 657 1783 719 1847; x_wconf 92' lang='lat'><strong>1.</strong></span> <span class='ocrx_word' id='word_1_60' title='bbox 774 1778 1346 1866; x_wconf 84' lang='lat' dir='ltr'><strong>Exspectationem</strong></span> <span class='ocrx_word' id='word_1_61' title='bbox 1404 1776 1593 1845; x_wconf 87' lang='lat' dir='ltr'><strong>nobis</strong></span> <span class='ocrx_word' id='word_1_62' title='bbox 1649 1800 1785 1845; x_wconf 91' lang='lat' dir='ltr'><strong>non</strong></span> <span class='ocrx_word' id='word_1_63' title='bbox 1834 1801 2104 1866; x_wconf 80' lang='lat' dir='ltr'><strong>parvam</strong></span> <span class='ocrx_word' id='word_1_64' title='bbox 2156 1777 2488 1861; x_wconf 76' lang='lat' dir='ltr'><strong>attuleras,</strong></span> <span class='ocrx_word' id='word_1_65' title='bbox 2546 1802 2697 1847; x_wconf 86' lang='lat' dir='ltr'><strong>cmn</strong></span> <span class='ocrx_word' id='word_1_66' title='bbox 2745 1782 2952 1870; x_wconf 86' lang='lat' dir='ltr'><strong>scrip·</strong></span> 
     </span>
     <span class='ocr_line' id='line_1_9' title="bbox 520 1880 2948 1969; baseline 0 -18"><span class='ocrx_word' id='word_1_67' title='bbox 520 1907 692 1951; x_wconf 86' lang='lat' dir='ltr'><strong>seras</strong></span> <span class='ocrx_word' id='word_1_68' title='bbox 747 1884 1112 1952; x_wconf 85' lang='lat' dir='ltr'><strong>Varronem</strong></span> <span class='ocrx_word' id='word_1_69' title='bbox 1168 1880 1295 1949; x_wconf 90' lang='lat' dir='ltr'><strong>tibi</strong></span> <span class='ocrx_word' id='word_1_70' title='bbox 1351 1903 1471 1969; x_wconf 91' lang='lat' dir='ltr'><strong>pro</strong></span> <span class='ocrx_word' id='word_1_71' title='bbox 1530 1882 1820 1948; x_wconf 85' lang='lat' dir='ltr'><strong>amicitia</strong></span> <span class='ocrx_word' id='word_1_72' title='bbox 1876 1882 2281 1949; x_wconf 85' lang='lat' dir='ltr'><strong>confirmasse</strong></span> <span class='ocrx_word' id='word_1_73' title='bbox 2337 1904 2597 1949; x_wconf 88' lang='lat' dir='ltr'><strong>causam</strong></span> <span class='ocrx_word' id='word_1_74' title='bbox 2656 1889 2948 1953; x_wconf 79' lang='lat' dir='ltr'><strong>nostram</strong></span> 
     </span>
     <span class='ocr_line' id='line_1_10' title="bbox 520 1985 2951 2075; baseline 0.001 -21"><span class='ocrx_word' id='word_1_75' title='bbox 520 1987 906 2074; x_wconf 89' lang='lat' dir='ltr'><strong>Pompeium</strong></span> <span class='ocrx_word' id='word_1_76' title='bbox 936 1991 1104 2052; x_wconf 89' lang='lat' dir='ltr'><strong>certe</strong></span> <span class='ocrx_word' id='word_1_77' title='bbox 1133 1991 1601 2071; x_wconf 85' lang='lat' dir='ltr'><strong>suscepturum,</strong></span> <span class='ocrx_word' id='word_1_78' title='bbox 1647 1990 1733 2068; x_wconf 90' lang='lat' dir='ltr'><strong>et,</strong></span> <span class='ocrx_word' id='word_1_79' title='bbox 1778 1986 1976 2052; x_wconf 89' lang='lat' dir='ltr'><strong>simul</strong></span> <span class='ocrx_word' id='word_1_80' title='bbox 2005 2009 2046 2052; x_wconf 91' lang='lat' dir='ltr'><strong>a</strong></span> <span class='ocrx_word' id='word_1_81' title='bbox 2073 1985 2344 2053; x_wconf 78' lang='lat' dir='ltr'><strong>Caesare</strong></span> <span class='ocrx_word' id='word_1_82' title='bbox 2372 1987 2434 2052; x_wconf 90' lang='lat' dir='ltr'><strong>ei</strong></span> <span class='ocrx_word' id='word_1_83' title='bbox 2461 1986 2738 2070; x_wconf 74' lang='lat' dir='ltr'><strong>litterae,</strong></span> <span class='ocrx_word' id='word_1_84' title='bbox 2783 2011 2951 2075; x_wconf 83' lang='lat' dir='ltr'><strong>quas</strong></span> 
     </span>
     <span class='ocr_line' id='line_1_11' title="bbox 517 2089 2950 2177; baseline 0.001 -19"><span class='ocrx_word' id='word_1_85' title='bbox 517 2094 936 2177; x_wconf 76' lang='lat' dir='ltr'><strong>exspectaret,</strong></span> <span class='ocrx_word' id='word_1_86' title='bbox 980 2090 1283 2155; x_wconf 81' lang='lat' dir='ltr'><strong>remissae</strong></span> <span class='ocrx_word' id='word_1_87' title='bbox 1327 2091 1560 2168; x_wconf 85' lang='lat' dir='ltr'><strong>essent,</strong></span> <span class='ocrx_word' id='word_1_88' title='bbox 1607 2094 1890 2157; x_wconf 91' lang='lat' dir='ltr'><strong>actorem</strong></span> <span class='ocrx_word' id='word_1_89' title='bbox 1933 2089 2133 2156; x_wconf 87' lang='lat' dir='ltr'><strong>etiam</strong></span> <span class='ocrx_word' id='word_1_90' title='bbox 2176 2091 2505 2156; x_wconf 86' lang='lat' dir='ltr'><strong>daturum.</strong></span> <span class='ocrx_word' id='word_1_91' title='bbox 2595 2090 2847 2159; x_wconf 85' lang='lat' dir='ltr'><strong>Utrum</strong></span> <span class='ocrx_word' id='word_1_92' title='bbox 2875 2094 2950 2161; x_wconf 89' lang='lat' dir='ltr'><strong>id</strong></span> 
     </span>
     <span class='ocr_line' id='line_1_12' title="bbox 520 2192 2952 2283; baseline 0.002 -23"><span class='ocrx_word' id='word_1_93' title='bbox 520 2195 689 2260; x_wconf 88' lang='lat' dir='ltr'>nihil</span> <span class='ocrx_word' id='word_1_94' title='bbox 737 2194 868 2260; x_wconf 76' lang='lat' dir='ltr'><strong>fuit</strong></span> <span class='ocrx_word' id='word_1_95' title='bbox 927 2215 1011 2257; x_wconf 86' lang='lat' dir='ltr'><strong>an</strong></span> <span class='ocrx_word' id='word_1_96' title='bbox 1074 2193 1449 2258; x_wconf 81' lang='lat' dir='ltr'><strong>adversatae</strong></span> <span class='ocrx_word' id='word_1_97' title='bbox 1508 2197 1663 2258; x_wconf 86' lang='lat' dir='ltr'><strong>sunt</strong></span> <span class='ocrx_word' id='word_1_98' title='bbox 1708 2192 1999 2259; x_wconf 84' lang='lat' dir='ltr'><strong>Caesaris</strong></span> <span class='ocrx_word' id='word_1_99' title='bbox 2039 2193 2294 2260; x_wconf 83' lang='lat' dir='ltr'><strong>litterae</strong></span> <span class='ocrx_word' id='word_1_100' title='bbox 2314 2195 2347 2260; x_wconf 75' lang='grc' dir='ltr'><strong><em>Ρ</em></strong></span> <span class='ocrx_word' id='word_1_101' title='bbox 2412 2217 2498 2259; x_wconf 85' lang='lat' dir='ltr'><strong>an</strong></span> <span class='ocrx_word' id='word_1_102' title='bbox 2551 2199 2647 2261; x_wconf 92' lang='lat' dir='ltr'><strong>est</strong></span> <span class='ocrx_word' id='word_1_103' title='bbox 2697 2196 2952 2283; x_wconf 85' lang='lat' dir='ltr'><strong>aliquid</strong></span> 
     </span>
     <span class='ocr_line' id='line_1_13' title="bbox 506 2295 2949 2385; baseline 0 -20"><span class='ocrx_word' id='word_1_104' title='bbox 506 2300 593 2365; x_wconf 90' lang='lat' dir='ltr'><strong>-in</strong></span> <span class='ocrx_word' id='word_1_105' title='bbox 651 2320 764 2385; x_wconf 88' lang='lat' dir='ltr'><strong>spe</strong></span> <span class='ocrx_word' id='word_1_106' title='bbox 786 2297 820 2363; x_wconf 78' lang='grc' dir='ltr'>Ρ</span> <span class='ocrx_word' id='word_1_107' title='bbox 928 2296 1154 2361; x_wconf 87' lang='lat' dir='ltr'><strong>Etiam</strong></span> <span class='ocrx_word' id='word_1_108' title='bbox 1204 2296 1373 2361; x_wconf 90' lang='lat' dir='ltr'><strong>illud</strong></span> <span class='ocrx_word' id='word_1_109' title='bbox 1422 2295 1783 2382; x_wconf 80' lang='lat' dir='ltr'><strong>scripseras,</strong></span> <span class='ocrx_word' id='word_1_110' title='bbox 1845 2297 2149 2363; x_wconf 89' lang='lat' dir='ltr'><strong>eumdem</strong></span> <span class='ocrx_word' id='word_1_111' title='bbox 2201 2302 2219 2333; x_wconf 88' lang='lat'>‘</span> <span class='ocrx_word' id='word_1_112' title='bbox 2238 2299 2592 2363; x_wconf 87' lang='lat' dir='ltr'><strong>secundum</strong></span> <span class='ocrx_word' id='word_1_113' title='bbox 2650 2299 2913 2366; x_wconf 86' lang='lat' dir='ltr'><strong>comitia</strong></span> <span class='ocrx_word' id='word_1_114' title='bbox 2930 2307 2949 2335; x_wconf 89' lang='lat'>&#39;</span> 
     </span>
     <span class='ocr_line' id='line_1_14' title="bbox 519 2398 2950 2489; baseline 0 -20"><span class='ocrx_word' id='word_1_115' title='bbox 519 2403 774 2469; x_wconf 84' lang='lat' dir='ltr'><strong>dixisse.</strong></span> <span class='ocrx_word' id='word_1_116' title='bbox 883 2401 944 2466; x_wconf 85' lang='lat'><strong>2.</strong></span> <span class='ocrx_word' id='word_1_117' title='bbox 1002 2399 1154 2479; x_wconf 85' lang='lat' dir='ltr'><strong>Fac,</strong></span> <span class='ocrx_word' id='word_1_118' title='bbox 1215 2400 1272 2465; x_wconf 90' lang='lat' dir='ltr'><strong>si</strong></span> <span class='ocrx_word' id='word_1_119' title='bbox 1321 2398 1502 2465; x_wconf 86' lang='lat' dir='ltr'><strong>vides</strong></span> <span class='ocrx_word' id='word_1_120' title='bbox 1544 2399 1809 2485; x_wconf 85' lang='lat' dir='ltr'><strong>quantis</strong></span> <span class='ocrx_word' id='word_1_121' title='bbox 1857 2401 1928 2465; x_wconf 93' lang='lat' dir='ltr'><strong>in</strong></span> <span class='ocrx_word' id='word_1_122' title='bbox 1974 2399 2164 2465; x_wconf 87' lang='lat' dir='ltr'><strong>malis</strong></span> <span class='ocrx_word' id='word_1_123' title='bbox 2212 2399 2457 2466; x_wconf 87' lang='lat' dir='ltr'><strong>iaceam</strong></span> <span class='ocrx_word' id='word_1_124' title='bbox 2516 2403 2584 2467; x_wconf 91' lang='lat' dir='ltr'><strong>et</strong></span> <span class='ocrx_word' id='word_1_125' title='bbox 2641 2403 2698 2468; x_wconf 91' lang='lat' dir='ltr'><strong>si</strong></span> <span class='ocrx_word' id='word_1_126' title='bbox 2753 2408 2950 2489; x_wconf 84' lang='lat' dir='ltr'><strong>putas</strong></span> 
     </span>
     <span class='ocr_line' id='line_1_15' title="bbox 515 2502 2946 2583; baseline -0.002 -8"><span class='ocrx_word' id='word_1_127' title='bbox 515 2529 652 2575; x_wconf 89' lang='lat' dir='ltr'><strong>esse</strong></span> <span class='ocrx_word' id='word_1_128' title='bbox 701 2503 1128 2570; x_wconf 84' lang='lat' dir='ltr'><strong>humanitatis</strong></span> <span class='ocrx_word' id='word_1_129' title='bbox 1183 2507 1355 2583; x_wconf 88' lang='lat' dir='ltr'><strong>tuae,</strong></span> <span class='ocrx_word' id='word_1_130' title='bbox 1415 2502 1519 2568; x_wconf 81' lang='lat' dir='ltr'><strong>fac</strong></span> <span class='ocrx_word' id='word_1_131' title='bbox 1576 2524 1682 2568; x_wconf 90' lang='lat' dir='ltr'><strong>me</strong></span> <span class='ocrx_word' id='word_1_132' title='bbox 1741 2503 1823 2570; x_wconf 89' lang='lat' dir='ltr'><strong>de</strong></span> <span class='ocrx_word' id='word_1_133' title='bbox 1878 2506 2018 2569; x_wconf 86' lang='lat' dir='ltr'><strong>tota</strong></span> <span class='ocrx_word' id='word_1_134' title='bbox 2075 2525 2266 2568; x_wconf 85' lang='lat' dir='ltr'><strong>causa</strong></span> <span class='ocrx_word' id='word_1_135' title='bbox 2321 2508 2541 2569; x_wconf 87' lang='lat' dir='ltr'><strong>nostra</strong></span> <span class='ocrx_word' id='word_1_136' title='bbox 2590 2505 2946 2574; x_wconf 89' lang='lat' dir='ltr'><strong>certiorem.</strong></span> 
     </span>
     <span class='ocr_line' id='line_1_16' title="bbox 518 2607 2949 2693; baseline 0 -16"><span class='ocrx_word' id='word_1_137' title='bbox 518 2610 696 2677; x_wconf 90' lang='lat' dir='ltr'><strong>Nam</strong></span> <span class='ocrx_word' id='word_1_138' title='bbox 728 2608 1014 2681; x_wconf 82' lang='lat' dir='ltr'><strong>Quintus</strong></span> <span class='ocrx_word' id='word_1_139' title='bbox 1051 2607 1271 2686; x_wconf 80' lang='lat' dir='ltr'><strong>frater,</strong></span> <span class='ocrx_word' id='word_1_140' title='bbox 1310 2607 1502 2672; x_wconf 93' lang='lat' dir='ltr'><strong>homo</strong></span> <span class='ocrx_word' id='word_1_141' title='bbox 1542 2607 1766 2689; x_wconf 89' lang='lat' dir='ltr'><strong>mirus,</strong></span> <span class='ocrx_word' id='word_1_142' title='bbox 1809 2607 1924 2693; x_wconf 88' lang='lat' dir='ltr'><strong>qui</strong></span> <span class='ocrx_word' id='word_1_143' title='bbox 1961 2629 2067 2672; x_wconf 91' lang='lat' dir='ltr'><strong>me</strong></span> <span class='ocrx_word' id='word_1_144' title='bbox 2107 2612 2244 2674; x_wconf 89' lang='lat' dir='ltr'><strong>tam</strong></span> <span class='ocrx_word' id='word_1_145' title='bbox 2273 2608 2460 2673; x_wconf 85' lang='lat' dir='ltr'><strong>valde</strong></span> <span class='ocrx_word' id='word_1_146' title='bbox 2501 2616 2696 2691; x_wconf 90' lang='lat' dir='ltr'><strong>amat,</strong></span> <span class='ocrx_word' id='word_1_147' title='bbox 2728 2613 2949 2677; x_wconf 86' lang='lat' dir='ltr'><strong>omnia</strong></span> 
     </span>
     <span class='ocr_line' id='line_1_17' title="bbox 518 2710 2948 2797; baseline 0 -16"><span class='ocrx_word' id='word_1_148' title='bbox 518 2714 726 2781; x_wconf 88' lang='lat' dir='ltr'><strong>mittit</strong></span> <span class='ocrx_word' id='word_1_149' title='bbox 764 2711 900 2797; x_wconf 89' lang='lat' dir='ltr'><strong>spei</strong></span> <span class='ocrx_word' id='word_1_150' title='bbox 940 2711 1152 2796; x_wconf 86' lang='lat' dir='ltr'><strong>plena,</strong></span> <span class='ocrx_word' id='word_1_151' title='bbox 1193 2714 1509 2790; x_wconf 90' lang='lat' dir='ltr'><strong>metuens,</strong></span> <span class='ocrx_word' id='word_1_152' title='bbox 1551 2711 1763 2791; x_wconf 90' lang='lat' dir='ltr'><strong>credo,</strong></span> <span class='ocrx_word' id='word_1_153' title='bbox 1811 2710 2240 2777; x_wconf 83' lang='lat' dir='ltr'><strong>defectionem</strong></span> <span class='ocrx_word' id='word_1_154' title='bbox 2278 2711 2482 2777; x_wconf 91' lang='lat' dir='ltr'><strong>animi</strong></span> <span class='ocrx_word' id='word_1_155' title='bbox 2523 2714 2673 2778; x_wconf 91' lang='lat' dir='ltr'><strong>mei.</strong></span> <span class='ocrx_word' id='word_1_156' title='bbox 2764 2713 2948 2781; x_wconf 79' lang='lat' dir='ltr'><strong>Tuae</strong></span> 
     </span>
     <span class='ocr_line' id='line_1_18' title="bbox 515 2814 2948 2901; baseline -0 -17"><span class='ocrx_word' id='word_1_157' title='bbox 515 2823 735 2884; x_wconf 87' lang='lat' dir='ltr'><strong>autem</strong></span> <span class='ocrx_word' id='word_1_158' title='bbox 794 2816 1047 2880; x_wconf 84' lang='lat' dir='ltr'><strong>litterae</strong></span> <span class='ocrx_word' id='word_1_159' title='bbox 1104 2817 1258 2879; x_wconf 89' lang='lat' dir='ltr'><strong>sunt</strong></span> <span class='ocrx_word' id='word_1_160' title='bbox 1308 2814 1565 2880; x_wconf 85' lang='lat' dir='ltr'><strong>variae:</strong></span> <span class='ocrx_word' id='word_1_161' title='bbox 1634 2837 1845 2901; x_wconf 88' lang='lat' dir='ltr'><strong>neque</strong></span> <span class='ocrx_word' id='word_1_162' title='bbox 1903 2815 2079 2880; x_wconf 91' lang='lat' dir='ltr'><strong>enim</strong></span> <span class='ocrx_word' id='word_1_163' title='bbox 2131 2837 2235 2880; x_wconf 94' lang='lat' dir='ltr'><strong>me</strong></span> <span class='ocrx_word' id='word_1_164' title='bbox 2287 2815 2622 2901; x_wconf 89' lang='lat' dir='ltr'><strong>desperare</strong></span> <span class='ocrx_word' id='word_1_165' title='bbox 2671 2816 2770 2882; x_wconf 81' lang='lat' dir='ltr'><strong>vis</strong></span> <span class='ocrx_word' id='word_1_166' title='bbox 2826 2840 2948 2883; x_wconf 92' lang='lat' dir='ltr'><strong>nec</strong></span> 
     </span>
     <span class='ocr_line' id='line_1_19' title="bbox 517 2916 2946 3006; baseline 0 -19"><span class='ocrx_word' id='word_1_167' title='bbox 517 2926 754 2987; x_wconf 91' lang='lat' dir='ltr'><strong>temere</strong></span> <span class='ocrx_word' id='word_1_168' title='bbox 806 2941 1077 3005; x_wconf 88' lang='lat' dir='ltr'><strong>sperare.</strong></span> <span class='ocrx_word' id='word_1_169' title='bbox 1167 2916 1322 2996; x_wconf 84' lang='lat' dir='ltr'><strong>Fac,</strong></span> <span class='ocrx_word' id='word_1_170' title='bbox 1383 2916 1641 2984; x_wconf 87' lang='lat' dir='ltr'><strong>obsecro</strong></span> <span class='ocrx_word' id='word_1_171' title='bbox 1690 2922 1777 2999; x_wconf 88' lang='lat' dir='ltr'><strong>te,</strong></span> <span class='ocrx_word' id='word_1_172' title='bbox 1830 2922 1908 2983; x_wconf 86' lang='lat' dir='ltr'><strong>ut</strong></span> <span class='ocrx_word' id='word_1_173' title='bbox 1964 2919 2205 2998; x_wconf 81' lang='lat' dir='ltr'><strong>omnia,</strong></span> <span class='ocrx_word' id='word_1_174' title='bbox 2261 2941 2429 3003; x_wconf 88' lang='lat' dir='ltr'><strong>quae</strong></span> <span class='ocrx_word' id='word_1_175' title='bbox 2479 2920 2754 3006; x_wconf 90' lang='lat' dir='ltr'><strong>perspici</strong></span> <span class='ocrx_word' id='word_1_176' title='bbox 2796 2943 2837 2987; x_wconf 87' lang='lat' dir='ltr'><strong>a</strong></span> <span class='ocrx_word' id='word_1_177' title='bbox 2880 2928 2946 2986; x_wconf 90' lang='lat' dir='ltr'><strong>te</strong></span> 
     </span>
     <span class='ocr_line' id='line_1_20' title="bbox 520 3021 1149 3110; baseline -0.011 -19"><span class='ocrx_word' id='word_1_178' title='bbox 520 3026 809 3110; x_wconf 84' lang='lat' dir='ltr'><strong>possunt,</strong></span> <span class='ocrx_word' id='word_1_179' title='bbox 855 3021 1149 3087; x_wconf 88' lang='lat' dir='ltr'><strong>sciamus.</strong></span> 
     </span>
    </p>
   </div>
   <div class='ocr_carea' id='block_1_7' title="bbox 520 3241 2955 4281">
    <p class='ocr_par' dir='ltr' id='par_1_7' title="bbox 590 3241 2947 3308">
     <span class='ocr_line' id='line_1_21' title="bbox 590 3241 2947 3308; baseline 0 -12"><span class='ocrx_word' id='word_1_180' title='bbox 590 3249 634 3296; x_wconf 90' lang='lat'><strong>1.</strong></span> <span class='ocrx_word' id='word_1_181' title='bbox 666 3261 762 3307; x_wconf 78' lang='lat' dir='ltr'><strong>pro</strong></span> <span class='ocrx_word' id='word_1_182' title='bbox 784 3246 1003 3294; x_wconf 72' lang='lat' dir='ltr'><strong>amicitia</strong></span> <span class='ocrx_word' id='word_1_183' title='bbox 1098 3246 1113 3271; x_wconf 87' lang='lat'>‘</span> <span class='ocrx_word' id='word_1_184' title='bbox 1131 3257 1189 3293; x_wconf 91' lang='lat' dir='ltr'><strong>as</strong></span> <span class='ocrx_word' id='word_1_185' title='bbox 1209 3259 1240 3293; x_wconf 91' lang='lat' dir='ltr'><strong>a</strong></span> <span class='ocrx_word' id='word_1_186' title='bbox 1260 3241 1466 3293; x_wconf 61' lang='lat' dir='ltr'><strong>friend)</strong></span> <span class='ocrx_word' id='word_1_187' title='bbox 1780 3245 2039 3294; x_wconf 69' lang='lat' dir='ltr'><strong>Mirabilis</strong></span> <span class='ocrx_word' id='word_1_188' title='bbox 2070 3242 2116 3294; x_wconf 87' lang='lat' dir='ltr'><strong>is</strong></span> <span class='ocrx_word' id='word_1_189' title='bbox 2149 3244 2257 3294; x_wconf 85' lang='lat' dir='ltr'><strong>also</strong></span> <span class='ocrx_word' id='word_1_190' title='bbox 2289 3244 2497 3308; x_wconf 85' lang='lat' dir='ltr'><strong>applied</strong></span> <span class='ocrx_word' id='word_1_191' title='bbox 2528 3251 2582 3296; x_wconf 97' lang='grc' dir='ltr'><strong>ιο</strong></span> <span class='ocrx_word' id='word_1_192' title='bbox 2614 3262 2730 3296; x_wconf 87' lang='lat' dir='ltr'><strong>men</strong></span> <span class='ocrx_word' id='word_1_193' title='bbox 2753 3247 2881 3307; x_wconf 64' lang='grc' dir='ltr'><strong>(Διί.</strong></span> <span class='ocrx_word' id='word_1_194' title='bbox 2907 3247 2947 3298; x_wconf 88' lang='lat' dir='ltr'><strong>ii</strong></span> 
     </span>
    </p>

    <p class='ocr_par' dir='ltr' id='par_1_8' title="bbox 588 3309 2948 3375">
     <span class='ocr_line' id='line_1_22' title="bbox 588 3309 2948 3375; baseline 0.002 -16"><span class='ocrx_word' id='word_1_195' title='bbox 588 3309 760 3375; x_wconf 71' lang='lat' dir='ltr'><strong>simul]</strong></span> <span class='ocrx_word' id='word_1_196' title='bbox 826 3332 868 3351; x_wconf 92' lang='lat'><strong><em>=</em></strong></span> <span class='ocrx_word' id='word_1_197' title='bbox 889 3309 981 3357; x_wconf 78' lang='lat' dir='ltr'><strong>sim</strong></span> <span class='ocrx_word' id='word_1_198' title='bbox 1059 3324 1135 3358; x_wconf 86' lang='lat' dir='ltr'><strong>ac.</strong></span> <span class='ocrx_word' id='word_1_199' title='bbox 1783 3312 1831 3367; x_wconf 86' lang='lat'><strong>2,</strong></span> <span class='ocrx_word' id='word_1_200' title='bbox 1872 3310 1938 3374; x_wconf 93' lang='lat'><strong>1).</strong></span> <span class='ocrx_word' id='word_1_201' title='bbox 2006 3309 2110 3359; x_wconf 89' lang='lat' dir='ltr'><strong>But</strong></span> <span class='ocrx_word' id='word_1_202' title='bbox 2146 3312 2299 3359; x_wconf 60' lang='lat' dir='ltr'><strong>mirus</strong></span> <span class='ocrx_word' id='word_1_203' title='bbox 2333 3309 2481 3359; x_wconf 79' lang='lat' dir='ltr'><strong>when</strong></span> <span class='ocrx_word' id='word_1_204' title='bbox 2516 3311 2714 3374; x_wconf 85' lang='lat' dir='ltr'><strong>applied</strong></span> <span class='ocrx_word' id='word_1_205' title='bbox 2745 3317 2799 3362; x_wconf 99' lang='grc' dir='ltr'><strong>ιο</strong></span> <span class='ocrx_word' id='word_1_206' title='bbox 2828 3328 2948 3364; x_wconf 86' lang='lat' dir='ltr'><strong>men</strong></span> 
     </span>
    </p>

    <p class='ocr_par' dir='ltr' id='par_1_9' title="bbox 520 3371 2949 3634">
     <span class='ocr_line' id='line_1_23' title="bbox 588 3371 2943 3450; baseline 0.001 -26"><span class='ocrx_word' id='word_1_207' title='bbox 588 3373 811 3450; x_wconf 79' lang='lat' dir='ltr'><strong>actorem]</strong></span> <span class='ocrx_word' id='word_1_208' title='bbox 898 3378 911 3400; x_wconf 80' lang='lat'><strong>⁴</strong></span> <span class='ocrx_word' id='word_1_209' title='bbox 927 3390 991 3423; x_wconf 88' lang='lat' dir='ltr'><strong>an</strong></span> <span class='ocrx_word' id='word_1_210' title='bbox 1024 3372 1210 3437; x_wconf 66' lang='lat' dir='ltr'><strong>agent!</strong></span> <span class='ocrx_word' id='word_1_211' title='bbox 1291 3371 1557 3436; x_wconf 85' lang='lat' dir='ltr'><strong>Pompeius</strong></span> <span class='ocrx_word' id='word_1_212' title='bbox 1577 3389 1681 3424; x_wconf 75' lang='lat' dir='ltr'><strong>was</strong></span> <span class='ocrx_word' id='word_1_213' title='bbox 1781 3390 1940 3424; x_wconf 89' lang='lat' dir='ltr'><strong>seems</strong></span> <span class='ocrx_word' id='word_1_214' title='bbox 1961 3380 2015 3423; x_wconf 92' lang='grc' dir='ltr'><strong>ιο</strong></span> <span class='ocrx_word' id='word_1_215' title='bbox 2036 3373 2166 3424; x_wconf 82' lang='lat' dir='ltr'><strong>have</strong></span> <span class='ocrx_word' id='word_1_216' title='bbox 2197 3374 2284 3424; x_wconf 84' lang='lat' dir='ltr'><strong>the</strong></span> <span class='ocrx_word' id='word_1_217' title='bbox 2313 3390 2445 3424; x_wconf 83' lang='lat' dir='ltr'><strong>same</strong></span> <span class='ocrx_word' id='word_1_218' title='bbox 2468 3376 2701 3440; x_wconf 78' lang='lat' dir='ltr'><strong>meaning</strong></span> <span class='ocrx_word' id='word_1_219' title='bbox 2721 3392 2777 3427; x_wconf 90' lang='lat' dir='ltr'><strong>as</strong></span> <span class='ocrx_word' id='word_1_220' title='bbox 2797 3379 2943 3427; x_wconf 69' lang='lat' dir='ltr'><strong>miri-</strong></span> 
     </span>
     <span class='ocr_line' id='line_1_24' title="bbox 522 3437 2949 3504; baseline 0.001 -14"><span class='ocrx_word' id='word_1_221' title='bbox 522 3441 726 3491; x_wconf 82' lang='lat' dir='ltr'><strong>himself</strong></span> <span class='ocrx_word' id='word_1_222' title='bbox 741 3439 955 3489; x_wconf 72' lang='lat' dir='ltr'><strong>Cicero&#39;s</strong></span> <span class='ocrx_word' id='word_1_223' title='bbox 979 3446 1143 3487; x_wconf 78' lang='lat' dir='ltr'><strong>auctor</strong></span> <span class='ocrx_word' id='word_1_224' title='bbox 1163 3440 1353 3498; x_wconf 70' lang='lat' dir='ltr'><strong>salutis,</strong></span> <span class='ocrx_word' id='word_1_225' title='bbox 1374 3437 1468 3488; x_wconf 88' lang='lat' dir='ltr'><strong>but</strong></span> <span class='ocrx_word' id='word_1_226' title='bbox 1487 3438 1574 3488; x_wconf 87' lang='lat' dir='ltr'><strong>the</strong></span> <span class='ocrx_word' id='word_1_227' title='bbox 1596 3440 1677 3488; x_wconf 78' lang='lat' dir='ltr'><strong>in·</strong></span> <span class='ocrx_word' id='word_1_228' title='bbox 1767 3442 1900 3503; x_wconf 73' lang='lat' dir='ltr'><strong>fleus</strong></span> <span class='ocrx_word' id='word_1_229' title='bbox 1937 3439 2036 3488; x_wconf 88' lang='lat' dir='ltr'><strong>and</strong></span> <span class='ocrx_word' id='word_1_230' title='bbox 2073 3440 2325 3489; x_wconf 73' lang='lat' dir='ltr'><strong>mirabilis.</strong></span> <span class='ocrx_word' id='word_1_231' title='bbox 2395 3440 2574 3504; x_wconf 78' lang='lat' dir='ltr'><strong>Surely</strong></span> <span class='ocrx_word' id='word_1_232' title='bbox 2610 3441 2728 3492; x_wconf 85' lang='lat' dir='ltr'><strong>here</strong></span> <span class='ocrx_word' id='word_1_233' title='bbox 2772 3441 2949 3492; x_wconf 78' lang='lat' dir='ltr'><strong>Cicero</strong></span> 
     </span>
     <span class='ocr_line' id='line_1_25' title="bbox 525 3501 2944 3570; baseline 0.001 -15"><span class='ocrx_word' id='word_1_234' title='bbox 525 3512 759 3555; x_wconf 74' lang='lat' dir='ltr'><strong>strumene</strong></span> <span class='ocrx_word' id='word_1_235' title='bbox 782 3505 947 3554; x_wconf 79' lang='lat' dir='ltr'><strong>whom</strong></span> <span class='ocrx_word' id='word_1_236' title='bbox 969 3503 1233 3566; x_wconf 88' lang='lat' dir='ltr'><strong>Pompeius</strong></span> <span class='ocrx_word' id='word_1_237' title='bbox 1255 3501 1417 3561; x_wconf 82' lang='lat' dir='ltr'><strong>chose,</strong></span> <span class='ocrx_word' id='word_1_238' title='bbox 1446 3508 1500 3552; x_wconf 88' lang='lat' dir='ltr'><strong>to</strong></span> <span class='ocrx_word' id='word_1_239' title='bbox 1535 3519 1682 3570; x_wconf 80' lang='lat' dir='ltr'><strong>carry</strong></span> <span class='ocrx_word' id='word_1_240' title='bbox 1781 3504 1903 3553; x_wconf 83' lang='lat' dir='ltr'><strong>calls</strong></span> <span class='ocrx_word' id='word_1_241' title='bbox 1948 3503 2168 3560; x_wconf 82' lang='lat' dir='ltr'><strong>Quintus</strong></span> <span class='ocrx_word' id='word_1_242' title='bbox 2228 3505 2241 3529; x_wconf 87' lang='lat'>‘</span> <span class='ocrx_word' id='word_1_243' title='bbox 2259 3519 2326 3553; x_wconf 86' lang='lat' dir='ltr'><strong>an</strong></span> <span class='ocrx_word' id='word_1_244' title='bbox 2369 3504 2639 3555; x_wconf 85' lang='lat' dir='ltr'><strong>admirable</strong></span> <span class='ocrx_word' id='word_1_245' title='bbox 2655 3504 2671 3530; x_wconf 89' lang='lat'>’</span> <span class='ocrx_word' id='word_1_246' title='bbox 2728 3505 2944 3567; x_wconf 82' lang='lat' dir='ltr'><strong>brother,</strong></span> 
     </span>
     <span class='ocr_line' id='line_1_26' title="bbox 520 3566 2944 3634; baseline -0 -12"><span class='ocrx_word' id='word_1_247' title='bbox 520 3580 611 3622; x_wconf 86' lang='lat' dir='ltr'><strong>out</strong></span> <span class='ocrx_word' id='word_1_248' title='bbox 630 3571 710 3620; x_wconf 88' lang='lat' dir='ltr'><strong>his</strong></span> <span class='ocrx_word' id='word_1_249' title='bbox 733 3570 866 3634; x_wconf 86' lang='lat' dir='ltr'><strong>plan,</strong></span> <span class='ocrx_word' id='word_1_250' title='bbox 892 3584 995 3618; x_wconf 80' lang='lat' dir='ltr'><strong>was</strong></span> <span class='ocrx_word' id='word_1_251' title='bbox 1020 3568 1263 3617; x_wconf 82' lang='lat' dir='ltr'><strong>Lentulus</strong></span> <span class='ocrx_word' id='word_1_252' title='bbox 1284 3566 1370 3618; x_wconf 88' lang='lat' dir='ltr'><strong>the</strong></span> <span class='ocrx_word' id='word_1_253' title='bbox 1393 3568 1586 3617; x_wconf 88' lang='lat' dir='ltr'><strong>consul.</strong></span> <span class='ocrx_word' id='word_1_254' title='bbox 1780 3568 1912 3626; x_wconf 80' lang='lat' dir='ltr'><strong>who,</strong></span> <span class='ocrx_word' id='word_1_255' title='bbox 1951 3568 2172 3632; x_wconf 85' lang='lat' dir='ltr'><strong>through</strong></span> <span class='ocrx_word' id='word_1_256' title='bbox 2215 3568 2448 3619; x_wconf 83' lang='lat' dir='ltr'><strong>affection</strong></span> <span class='ocrx_word' id='word_1_257' title='bbox 2487 3570 2568 3619; x_wconf 78' lang='lat' dir='ltr'><strong>for</strong></span> <span class='ocrx_word' id='word_1_258' title='bbox 2609 3568 2689 3620; x_wconf 85' lang='lat' dir='ltr'><strong>his</strong></span> <span class='ocrx_word' id='word_1_259' title='bbox 2724 3569 2944 3632; x_wconf 69' lang='lat' dir='ltr'><strong>brother,</strong></span> 
     </span>
    </p>

    <p class='ocr_par' dir='ltr' id='par_1_10' title="bbox 523 3632 2950 3827">
     <span class='ocr_line' id='line_1_27' title="bbox 600 3632 2949 3699; baseline 0.001 -14"><span class='ocrx_word' id='word_1_260' title='bbox 600 3638 773 3687; x_wconf 76' lang='lat' dir='ltr'><strong>Utrum</strong></span> <span class='ocrx_word' id='word_1_261' title='bbox 806 3634 881 3699; x_wconf 80' lang='lat' dir='ltr'><strong>id]</strong></span> <span class='ocrx_word' id='word_1_262' title='bbox 959 3635 972 3660; x_wconf 90' lang='lat'>‘</span> <span class='ocrx_word' id='word_1_263' title='bbox 991 3633 1075 3682; x_wconf 88' lang='lat' dir='ltr'><strong>did</strong></span> <span class='ocrx_word' id='word_1_264' title='bbox 1105 3633 1149 3683; x_wconf 85' lang='lat' dir='ltr'><strong>it</strong></span> <span class='ocrx_word' id='word_1_265' title='bbox 1180 3647 1316 3683; x_wconf 88' lang='lat' dir='ltr'><strong>come</strong></span> <span class='ocrx_word' id='word_1_266' title='bbox 1346 3637 1401 3682; x_wconf 90' lang='lat' dir='ltr'><strong>to</strong></span> <span class='ocrx_word' id='word_1_267' title='bbox 1431 3632 1682 3698; x_wconf 75' lang='lat' dir='ltr'><strong>nothing?</strong></span> <span class='ocrx_word' id='word_1_268' title='bbox 1781 3635 1928 3683; x_wconf 87' lang='lat' dir='ltr'><strong>sends</strong></span> <span class='ocrx_word' id='word_1_269' title='bbox 1957 3633 2035 3683; x_wconf 83' lang='lat' dir='ltr'><strong>far</strong></span> <span class='ocrx_word' id='word_1_270' title='bbox 2063 3640 2146 3682; x_wconf 88' lang='lat' dir='ltr'><strong>too</strong></span> <span class='ocrx_word' id='word_1_271' title='bbox 2176 3633 2418 3697; x_wconf 83' lang='lat' dir='ltr'><strong>sanguine</strong></span> <span class='ocrx_word' id='word_1_272' title='bbox 2447 3649 2499 3684; x_wconf 89' lang='lat' dir='ltr'><strong>re</strong></span> <span class='ocrx_word' id='word_1_273' title='bbox 2564 3640 2651 3683; x_wconf 86' lang='lat' dir='ltr'><strong>rts.</strong></span> <span class='ocrx_word' id='word_1_274' title='bbox 2718 3633 2882 3687; x_wconf 82' lang='lat' dir='ltr'><strong>There</strong></span> <span class='ocrx_word' id='word_1_275' title='bbox 2902 3637 2949 3687; x_wconf 82' lang='lat' dir='ltr'><strong>is</strong></span> 
     </span>
     <span class='ocr_line' id='line_1_28' title="bbox 527 3696 2950 3763; baseline 0 -12"><span class='ocrx_word' id='word_1_276' title='bbox 527 3718 585 3752; x_wconf 89' lang='lat' dir='ltr'><strong>or</strong></span> <span class='ocrx_word' id='word_1_277' title='bbox 605 3700 690 3750; x_wconf 84' lang='lat' dir='ltr'><strong>did</strong></span> <span class='ocrx_word' id='word_1_278' title='bbox 713 3698 937 3750; x_wconf 81' lang='lat' dir='ltr'><strong>Caesar’s</strong></span> <span class='ocrx_word' id='word_1_279' title='bbox 955 3697 1103 3748; x_wconf 87' lang='lat' dir='ltr'><strong>letter</strong></span> <span class='ocrx_word' id='word_1_280' title='bbox 1121 3713 1273 3760; x_wconf 80' lang='lat' dir='ltr'><strong>prove</strong></span> <span class='ocrx_word' id='word_1_281' title='bbox 1283 3696 1685 3749; x_wconf 75' lang='lat' dir='ltr'><strong>unfavourable?</strong></span> <span class='ocrx_word' id='word_1_282' title='bbox 1779 3697 1996 3762; x_wconf 80' lang='lat' dir='ltr'><strong>nothing</strong></span> <span class='ocrx_word' id='word_1_283' title='bbox 2043 3700 2057 3726; x_wconf 92' lang='lat'>‘</span> <span class='ocrx_word' id='word_1_284' title='bbox 2075 3704 2293 3763; x_wconf 85' lang='lat' dir='ltr'><strong>strange,</strong></span> <span class='ocrx_word' id='word_1_285' title='bbox 2339 3698 2491 3762; x_wconf 86' lang='lat' dir='ltr'><strong>inexp</strong></span> <span class='ocrx_word' id='word_1_286' title='bbox 2515 3698 2705 3762; x_wconf 81' lang='lat' dir='ltr'><strong>‘cable,&#39;</strong></span> <span class='ocrx_word' id='word_1_287' title='bbox 2753 3699 2812 3749; x_wconf 90' lang='lat' dir='ltr'><strong>in</strong></span> <span class='ocrx_word' id='word_1_288' title='bbox 2865 3700 2950 3751; x_wconf 70' lang='lat' dir='ltr'><strong>his</strong></span> 
     </span>
     <span class='ocr_line' id='line_1_29' title="bbox 523 3760 2948 3827; baseline -0 -10"><span class='ocrx_word' id='word_1_289' title='bbox 523 3767 622 3817; x_wconf 85' lang='lat' dir='ltr'><strong>and</strong></span> <span class='ocrx_word' id='word_1_290' title='bbox 645 3766 688 3815; x_wconf 90' lang='lat' dir='ltr'><strong>is</strong></span> <span class='ocrx_word' id='word_1_291' title='bbox 710 3764 849 3814; x_wconf 86' lang='lat' dir='ltr'><strong>there</strong></span> <span class='ocrx_word' id='word_1_292' title='bbox 871 3763 974 3813; x_wconf 79' lang='lat' dir='ltr'><strong>still</strong></span> <span class='ocrx_word' id='word_1_293' title='bbox 996 3779 1131 3812; x_wconf 91' lang='lat' dir='ltr'><strong>room</strong></span> <span class='ocrx_word' id='word_1_294' title='bbox 1154 3761 1234 3812; x_wconf 82' lang='lat' dir='ltr'><strong>for</strong></span> <span class='ocrx_word' id='word_1_295' title='bbox 1254 3761 1381 3824; x_wconf 90' lang='lat' dir='ltr'><strong>hope</strong></span> <span class='ocrx_word' id='word_1_296' title='bbox 1399 3760 1423 3809; x_wconf 73' lang='lat' dir='ltr'><strong>P</strong></span> <span class='ocrx_word' id='word_1_297' title='bbox 1437 3762 1451 3785; x_wconf 89' lang='lat'>’</span> <span class='ocrx_word' id='word_1_298' title='bbox 1781 3764 2011 3813; x_wconf 81' lang='lat' dir='ltr'><strong>conduct.</strong></span> <span class='ocrx_word' id='word_1_299' title='bbox 2079 3762 2145 3811; x_wconf 94' lang='lat' dir='ltr'><strong>In</strong></span> <span class='ocrx_word' id='word_1_300' title='bbox 2176 3762 2284 3813; x_wconf 79' lang='lat' dir='ltr'><strong>fact</strong></span> <span class='ocrx_word' id='word_1_301' title='bbox 2306 3763 2478 3813; x_wconf 86' lang='lat' dir='ltr'><strong>Cicero</strong></span> <span class='ocrx_word' id='word_1_302' title='bbox 2500 3764 2724 3827; x_wconf 79' lang='lat' dir='ltr'><strong>explains</strong></span> <span class='ocrx_word' id='word_1_303' title='bbox 2743 3763 2789 3815; x_wconf 87' lang='lat' dir='ltr'><strong>it</strong></span> <span class='ocrx_word' id='word_1_304' title='bbox 2810 3763 2948 3816; x_wconf 84' lang='lat' dir='ltr'><strong>here.</strong></span> 
     </span>
    </p>

    <p class='ocr_par' dir='ltr' id='par_1_11' title="bbox 521 3826 2955 4281">
     <span class='ocr_line' id='line_1_30' title="bbox 591 3826 2951 3893; baseline 0 -13"><span class='ocrx_word' id='word_1_305' title='bbox 591 3834 640 3880; x_wconf 86' lang='lat'><strong>2.</strong></span> <span class='ocrx_word' id='word_1_306' title='bbox 680 3831 811 3880; x_wconf 69' lang='lat' dir='ltr'><strong>homo</strong></span> <span class='ocrx_word' id='word_1_307' title='bbox 846 3827 1024 3893; x_wconf 69' lang='lat' dir='ltr'><strong>mirus]</strong></span> <span class='ocrx_word' id='word_1_308' title='bbox 1089 3827 1213 3877; x_wconf 89' lang='lat' dir='ltr'><strong>Boot</strong></span> <span class='ocrx_word' id='word_1_309' title='bbox 1242 3826 1353 3891; x_wconf 77' lang='lat' dir='ltr'><strong>lays</strong></span> <span class='ocrx_word' id='word_1_310' title='bbox 1390 3826 1538 3877; x_wconf 81' lang='lat' dir='ltr'><strong>down</strong></span> <span class='ocrx_word' id='word_1_311' title='bbox 1572 3826 1685 3877; x_wconf 83' lang='lat' dir='ltr'><strong>that</strong></span> <span class='ocrx_word' id='word_1_312' title='bbox 1783 3826 1848 3876; x_wconf 90' lang='lat' dir='ltr'><strong>In</strong></span> <span class='ocrx_word' id='word_1_313' title='bbox 1870 3828 1957 3877; x_wconf 83' lang='lat' dir='ltr'><strong>the</strong></span> <span class='ocrx_word' id='word_1_314' title='bbox 1977 3833 2102 3877; x_wconf 84' lang='lat' dir='ltr'><strong>next</strong></span> <span class='ocrx_word' id='word_1_315' title='bbox 2122 3827 2270 3878; x_wconf 88' lang='lat' dir='ltr'><strong>letter</strong></span> <span class='ocrx_word' id='word_1_316' title='bbox 2296 3827 2361 3877; x_wconf 89' lang='lat' dir='ltr'><strong>he</strong></span> <span class='ocrx_word' id='word_1_317' title='bbox 2389 3828 2511 3878; x_wconf 82' lang='lat' dir='ltr'><strong>calls</strong></span> <span class='ocrx_word' id='word_1_318' title='bbox 2535 3827 2752 3885; x_wconf 78' lang='lat' dir='ltr'><strong>Quintus</strong></span> <span class='ocrx_word' id='word_1_319' title='bbox 2773 3834 2951 3892; x_wconf 56' lang='lat' dir='ltr'><strong>opunti</strong></span> 
     </span>
     <span class='ocr_line' id='line_1_31' title="bbox 522 3891 2954 3956; baseline 0 -11"><span class='ocrx_word' id='word_1_320' title='bbox 522 3898 656 3945; x_wconf 73' lang='lat' dir='ltr'><strong>homo</strong></span> <span class='ocrx_word' id='word_1_321' title='bbox 699 3900 852 3943; x_wconf 73' lang='lat' dir='ltr'><strong>mirus</strong></span> <span class='ocrx_word' id='word_1_322' title='bbox 894 3909 1079 3950; x_wconf 89' lang='lat' dir='ltr'><strong>means,</strong></span> <span class='ocrx_word' id='word_1_323' title='bbox 1132 3895 1146 3919; x_wconf 88' lang='lat'>‘</span> <span class='ocrx_word' id='word_1_324' title='bbox 1164 3907 1195 3942; x_wconf 81' lang='lat' dir='ltr'><strong>a</strong></span> <span class='ocrx_word' id='word_1_325' title='bbox 1236 3896 1437 3955; x_wconf 70' lang='lat' dir='ltr'><strong>strange</strong></span> <span class='ocrx_word' id='word_1_326' title='bbox 1479 3891 1647 3941; x_wconf 74' lang='lat' dir='ltr'><strong>sellow</strong></span> <span class='ocrx_word' id='word_1_327' title='bbox 1663 3891 1679 3917; x_wconf 89' lang='lat'>’</span> <span class='ocrx_word' id='word_1_328' title='bbox 1783 3899 1924 3954; x_wconf 74' lang='lat' dir='ltr'><strong>atque</strong></span> <span class='ocrx_word' id='word_1_329' title='bbox 1946 3895 2076 3941; x_wconf 77' lang='lat' dir='ltr'><strong>unici</strong></span> <span class='ocrx_word' id='word_1_330' title='bbox 2086 3894 2293 3955; x_wconf 73' lang='lat' dir='ltr'><strong>fratris.</strong></span> <span class='ocrx_word' id='word_1_331' title='bbox 2349 3891 2583 3956; x_wconf 85' lang='lat' dir='ltr'><strong>Perhaps,</strong></span> <span class='ocrx_word' id='word_1_332' title='bbox 2602 3893 2851 3953; x_wconf 70' lang='lat' dir='ltr'><strong>however,</strong></span> <span class='ocrx_word' id='word_1_333' title='bbox 2870 3912 2954 3946; x_wconf 69' lang='lat' dir='ltr'><strong>we</strong></span> 
     </span>
     <span class='ocr_line' id='line_1_32' title="bbox 526 3955 2954 4046; baseline 0 -35"><span class='ocrx_word' id='word_1_334' title='bbox 526 3963 640 4022; x_wconf 87' lang='lat' dir='ltr'><strong>(one</strong></span> <span class='ocrx_word' id='word_1_335' title='bbox 672 3959 836 4010; x_wconf 79' lang='lat' dir='ltr'><strong>whom</strong></span> <span class='ocrx_word' id='word_1_336' title='bbox 874 3974 975 4024; x_wconf 83' lang='lat' dir='ltr'><strong>you</strong></span> <span class='ocrx_word' id='word_1_337' title='bbox 997 3957 1148 4034; x_wconf 39' lang='lat' dir='ltr'><strong>‘can’t</strong></span> <span class='ocrx_word' id='word_1_338' title='bbox 1183 3955 1328 4006; x_wconf 82' lang='lat' dir='ltr'><strong>make</strong></span> <span class='ocrx_word' id='word_1_339' title='bbox 1363 3956 1502 4046; x_wconf 66' lang='grc' dir='ltr'><strong>ουι);</strong></span> <span class='ocrx_word' id='word_1_340' title='bbox 1545 3957 1683 4031; x_wconf 40' lang='lat' dir='ltr'><strong>lton-20</strong></span> <span class='ocrx_word' id='word_1_341' title='bbox 1782 3956 1961 4032; x_wconf 81' lang='lat' dir='ltr'><strong>should</strong></span> <span class='ocrx_word' id='word_1_342' title='bbox 2004 3957 2123 4007; x_wconf 88' lang='lat' dir='ltr'><strong>read</strong></span> <span class='ocrx_word' id='word_1_343' title='bbox 2170 3964 2314 4032; x_wconf 63' lang='lat' dir='ltr'><strong>annet,</strong></span> <span class='ocrx_word' id='word_1_344' title='bbox 2369 3959 2469 4007; x_wconf 88' lang='lat' dir='ltr'><strong>and</strong></span> <span class='ocrx_word' id='word_1_345' title='bbox 2522 3960 2701 4009; x_wconf 86' lang='lat' dir='ltr'><strong>render</strong></span> <span class='ocrx_word' id='word_1_346' title='bbox 2748 3962 2763 3987; x_wconf 91' lang='lat'>‘</span> <span class='ocrx_word' id='word_1_347' title='bbox 2779 3959 2954 4012; x_wconf 73' lang='lat' dir='ltr'><strong>whose</strong></span> 
     </span>
     <span class='ocr_line' id='line_1_33' title="bbox 523 4020 2952 4161; baseline 0 -22"><span class='ocrx_word' id='word_1_348' title='bbox 523 4020 1650 4160; x_wconf 48' lang='lat' dir='ltr'><strong>zzss‘ffffmf?“1·›.‡{.p2¹zh3&#39;asfficfifflm’0.</strong></span> <span class='ocrx_word' id='word_1_349' title='bbox 1636 4046 1682 4135; x_wconf 47' lang='grc' dir='ltr'><strong>ῖς</strong></span> <span class='ocrx_word' id='word_1_350' title='bbox 1780 4020 2361 4161; x_wconf 52' lang='grc' dir='ltr'><strong>ῒέἰῖὲοὲῃξοξοὲᾱὲὲ,</strong></span> <span class='ocrx_word' id='word_1_351' title='bbox 2384 4022 2952 4141; x_wconf 53' lang='lat' dir='ltr'><strong>‘fisstyfflphffi&#39;ki</strong></span> 
     </span>
     <span class='ocr_line' id='line_1_34' title="bbox 521 4148 2955 4226; baseline 0 -22"><span class='ocrx_word' id='word_1_352' title='bbox 521 4154 687 4204; x_wconf 85' lang='lat' dir='ltr'><strong>rather</strong></span> <span class='ocrx_word' id='word_1_353' title='bbox 730 4153 846 4212; x_wconf 83' lang='lat' dir='ltr'><strong>this,</strong></span> <span class='ocrx_word' id='word_1_354' title='bbox 897 4152 1009 4203; x_wconf 85' lang='lat' dir='ltr'><strong>that</strong></span> <span class='ocrx_word' id='word_1_355' title='bbox 1061 4153 1296 4215; x_wconf 69' lang='lat' dir='ltr'><strong>miv-{ficus</strong></span> <span class='ocrx_word' id='word_1_356' title='bbox 1337 4164 1382 4198; x_wconf 73' lang='grc' dir='ltr'><strong>ιε</strong></span> <span class='ocrx_word' id='word_1_357' title='bbox 1423 4148 1680 4215; x_wconf 81' lang='lat' dir='ltr'><strong>generally</strong></span> <span class='ocrx_word' id='word_1_358' title='bbox 1779 4150 1981 4226; x_wconf 72' lang='lat' dir='ltr'><strong>injured</strong></span> <span class='ocrx_word' id='word_1_359' title='bbox 2014 4150 2156 4214; x_wconf 77' lang='lat' dir='ltr'><strong>him).</strong></span> <span class='ocrx_word' id='word_1_360' title='bbox 2237 4150 2321 4201; x_wconf 91' lang='lat' dir='ltr'><strong>He</strong></span> <span class='ocrx_word' id='word_1_361' title='bbox 2355 4150 2497 4202; x_wconf 79' lang='lat' dir='ltr'><strong>often</strong></span> <span class='ocrx_word' id='word_1_362' title='bbox 2535 4152 2708 4202; x_wconf 75' lang='lat' dir='ltr'><strong>dwells</strong></span> <span class='ocrx_word' id='word_1_363' title='bbox 2750 4168 2818 4203; x_wconf 87' lang='lat' dir='ltr'><strong>on</strong></span> <span class='ocrx_word' id='word_1_364' title='bbox 2863 4153 2955 4205; x_wconf 82' lang='lat' dir='ltr'><strong>the</strong></span> 
     </span>
     <span class='ocr_line' id='line_1_35' title="bbox 521 4214 2753 4281; baseline -0.001 -11"><span class='ocrx_word' id='word_1_365' title='bbox 521 4220 645 4270; x_wconf 82' lang='lat' dir='ltr'><strong>used</strong></span> <span class='ocrx_word' id='word_1_366' title='bbox 686 4217 744 4270; x_wconf 76' lang='lat' dir='ltr'><strong>of</strong></span> <span class='ocrx_word' id='word_1_367' title='bbox 794 4233 927 4281; x_wconf 88' lang='lat' dir='ltr'><strong>men,</strong></span> <span class='ocrx_word' id='word_1_368' title='bbox 986 4218 1085 4267; x_wconf 80' lang='lat' dir='ltr'><strong>and</strong></span> <span class='ocrx_word' id='word_1_369' title='bbox 1135 4217 1289 4266; x_wconf 74' lang='lat' dir='ltr'><strong>mirus</strong></span> <span class='ocrx_word' id='word_1_370' title='bbox 1330 4227 1454 4280; x_wconf 78' lang='lat' dir='ltr'><strong>very</strong></span> <span class='ocrx_word' id='word_1_371' title='bbox 1495 4214 1679 4281; x_wconf 76' lang='lat' dir='ltr'><strong>rar-ely.</strong></span> <span class='ocrx_word' id='word_1_372' title='bbox 1779 4214 1852 4280; x_wconf 78' lang='lat' dir='ltr'><strong>in]</strong></span> <span class='ocrx_word' id='word_1_373' title='bbox 1860 4215 1992 4267; x_wconf 86' lang='lat' dir='ltr'><strong>uries</strong></span> <span class='ocrx_word' id='word_1_374' title='bbox 2011 4214 2076 4265; x_wconf 87' lang='lat' dir='ltr'><strong>he</strong></span> <span class='ocrx_word' id='word_1_375' title='bbox 2096 4215 2189 4266; x_wconf 82' lang='lat' dir='ltr'><strong>has</strong></span> <span class='ocrx_word' id='word_1_376' title='bbox 2210 4216 2339 4267; x_wconf 89' lang='lat' dir='ltr'><strong>done</strong></span> <span class='ocrx_word' id='word_1_377' title='bbox 2358 4223 2413 4267; x_wconf 87' lang='grc' dir='ltr'><strong>ιο</strong></span> <span class='ocrx_word' id='word_1_378' title='bbox 2435 4216 2516 4267; x_wconf 90' lang='lat' dir='ltr'><strong>his</strong></span> <span class='ocrx_word' id='word_1_379' title='bbox 2536 4217 2753 4268; x_wconf 82' lang='lat' dir='ltr'><strong>brother.</strong></span> 
     </span>
    </p>
   </div>
  </div>
 </body>
</html>
